2938 4832
635 225 782 309 „A
843 228 847 236 “

134 423 170 482 ef.
192 417 362 481 Buecheler
384 423 440 482 Rh.
463 425 539 482 Mus
562 425 628 482 XX.
651 442 679 496 p.
704 427 763 482 414
785 426 882 484 adnot.
907 428 935 496 a,
958 428 1007 498 qui
1029 427 1156 484 codicum
1177 425 1277 483 lectio-

132 542 199 584 nem
219 514 350 584 ‘maseati'
375 540 428 595 pro
455 513 593 597 ‘invitati',
624 541 708 597 quam
736 517 828 582 Ra'eee
859 527 1031 602 coniecerat,
1054 527 1178 585 Varroni
1198 531 1276 583 reete

130 625 293 684 vindicavit„

216 723 273 782 Sed
292 727 324 781 nt
344 725 403 781 iam
425 725 592 783 accedamus
601 723 651 783 'ad
672 727 764 797 ipsam
785 726 991 798 quaestionem,
1014 741 1100 797 quam
1126 725 1276 796 proposui-

131 841 206 883 mus:
237 823 416 895 exploratum
445 829 489 882 est
510 830 621 883 veteres
651 840 714 882 cnm
734 826 875 882 Varronis
902 825 1061 884 doctrinam
1091 831 1120 884 et
1152 826 1276 896 antiqui·

132 926 200 984 tatis
220 924 412 996 cognitionem
432 925 580 997 permagni
608 927 793 983 aestimarent
823 923 896 995 (Cic.
923 925 1004 983 Brut.
1035 927 1081 996 15,
1114 927 1166 995 60;
1195 925 1275 982 acad.

132 1030 206 1098 post.
234 1029 261 1090 1,
284 1025 311 1094 3,
344 1023 387 1093 9),
417 1024 542 1082 ciusdem
572 1025 683 1083 dicendi
712 1041 801 1098 genus
829 1025 998 1083 imitandum
1028 1040 1089 1082 esse
1123 1039 1276 1096 numquam

130 1125 270 1184 iudicasse
294 1121 346 1196 (cf.
370 1123 466 1194 Quint.
492 1126 538 1196 10,
565 1129 591 1201 1,
616 1125 670 1196 95;
697 1125 851 1198 Angustia.
874 1124 905 1183 0.
928 1123 964 1180 D.
988 1127 1016 1195 6,
1040 1119 1085 1202 2).
1109 1123 1191 1194 Quod
1211 1139 1274 1180 oum

129 1227 239 1295 111111,
261 1225 362 1297 negari
383 1230 479 1282 tamen
502 1226 600 1296 nequit
622 1225 740 1296 singulis
761 1223 855 1281 verbis
875 1228 926 1280 aut
957 1232 1036 1282 recte
1064 1228 1277 1282 et‘oonstanter

131 1327 243 1384 novatis
263 1331 314 1382 aut
335 1340 371 1382 ex
399 1340 507 1396 graeca
537 1324 636 1395 lingua
661 1323 808 1382 translatis
838 1325 949 1396 copiam
978 1325 1095 1396 linguae
1123 1323 1230 1380 latinae
1259 1339 1277 1380 a

132 1424 265 1484 Varrone
299 1431 413 1484 auctam
448 1441 520 1482 esse.
563 1423 675 1482 Multae
713 1423 827 1495 quidem
849 1424 1045 1481 varronianae
1079 1420 1275 1482 formationes,

132 1539 206 1598 qnae
226 1525 342 1583 nimiam
363 1525 515 1582 vetustatis
535 1523 657 1596 speciem
678 1539 747 1595 prae
768 1539 798 1580 se
818 1520 915 1581 ferunt
937 1517 987 1601 (dc
1016 1522 1118 1594 quibus
1147 1521 1276 1580 conferas

131 1624 204 1684 Geli.
234 1629 284 1691 20,
321 1629 369 1699 11,
399 1623 448 1682 ubi
478 1619 596 1695 exponit
625 1623 659 1681 de
689 1622 785 1680 verbis
815 1622 950 1694 sordidis;
985 1614 1118 1679 Gerlach
1145 1622 1274 1695 prolegg.

132 1722 168 1782 ad
188 1724 279 1787 Lucil.
302 1741 331 1796 p.
356 1719 430 1800 105)
452 1739 470 1780 a
492 1723 699 1795 posterioribus
728 1723 937 1795 spernebantur
958 1728 988 1781 et
1009 1721 1151 1783 oblivione
1172 1719 1275 1779 obrue-

130 1822 236 1882 bantur
262 1830 312 1882 111
336 1841 353 1882 1
380 1822 570 1896 scriptoribus
601 1821 719 1882 infimae
748 1824 861 1882 demum
886 1824 1039 1882 latinitatis
1066 1824 1096 1881 in
1128 1827 1275 1894 aspectum

131 1923 279 1997 lucemque
300 1922 534 1996 proterebantur.

213 2024 360 2095 Quaeres
390 2024 493 2082 clarius
521 2020 712 2096 perspicietur
744 2040 779 2081 ex
809 2039 844 2081 ea
875 2040 948 2094 quae
978 2026 1108 2097 sequitur
1142 2022 1273 2096 opusculi

132 2129 221 2194 parte.
244 2124 278 2186 ln
299 2123 354 2182 hac
375 2125 451 2182 enim
472 2125 592 2198 singulis
618 2125 712 2182 verbis
734 2125 771 2182 ad
793 2124 917 2196 speciem
939 2126 1182 2198 terminationem,
1212 2125 1273 2194 qui·

132 2222 183 2281 bus
203 2221 327 2282 formata
348 2231 422 2298 sunt,
445 2225 620 2295 enumeratis
651 2225 796 2294 adnotavi,
822 2225 898 2296 apud
925 2241 995 2297 quos
1023 2225 1155 2296 quodque
1187 2239 1271 2280 voca·

130 2323 229 2384 bulum
249 2322 406 2398 scriptores
435 2325 612 2396 posteriores
635 2330 752 2396 praeter
774 2324 933 2382 Varronem
949 2327 1071 2382 extaret.
1115 2323 1159 2380 Ac
1180 2324 1272 2395 primo

131 2422 195 2479 loco
216 2430 446 2495 pertractentur:

600 2709 812 2780 NOMINA

500 2877 903 2929 1111111111111111111111.
1001 2865 1004 2871 “

667 3013 734 3090 er.

213 3113 295 3172 Inter
345 3113 523 3172 substantiva
562 3113 717 3172 masculina
764 3114 864 3174 suffixo
903 3120 963 3171 -111-
1005 3131 1022 3172 1
1064 3113 1158 3172 verbis
1198 3113 1272 3172 deri-

130 3221 197 3275 vata
230 3215 367 3274 nonnulla
397 3215 473 3287 apud
505 3213 665 3272 Varronem
702 3222 865 3286 occurrunt,
900 3231 972 3288 quae
1005 3232 1068 3273 cnm
1095 3214 1172 3286 apud
1199 3215 1273 3273 hune

131 3295 424 3374 111111111111111
454 3332 545 3388 neque
571 3324 689 3387 praeter
716 3317 833 3376 ablativi
861 3316 1018 3389 singularis¹
1042 3315 1272 3373 terminationem

132 3417 221 3474 ullam
248 3417 335 3474 aliam
357 3416 499 3487 accepisse
521 3416 681 3487 videantur,
711 3419 835 3475 maxima
856 3432 892 3472 ex
912 3423 994 3489 parte
1015 3416 1179 3475 aVarrone
1200 3416 1274 3472 veri-

130 3516 218 3589 loquii
239 3532 325 3574 causa
345 3515 442 3575 efficta
463 3531 524 3574 esse
545 3533 637 3589 neque
657 3535 782 3591 unquam
809 3518 839 3574 in
861 3531 943 3573 usum
973 3530 1151 3574 communem
1178 3521 1272 3572 trans·

130 3616 200 3674 iisse
227 3617 364 3688 suspicor.
394 3616 451 3676 Sed
477 3617 531 3675 hoc
562 3617 627 3676 ideo
651 3620 746 3691 potius
775 3617 897 3674 divinari
918 3633 1002 3690 quam
1022 3621 1103 3675 certo
1134 3613 1273 3672 affirmari

132 3717 237 3787 potest,
275 3717 349 3789 quod
383 3718 412 3772 in
438 3722 520 3775 tanta
547 3733 631 3788 qnam
660 3734 711 3775 nos
738 3716 855 3774 fecimus
880 3717 1019 3774 librorum
1048 3717 1158 3791 iactura
1189 3713 1273 3772 facile

133 3811 195 3874 fieri
214 3819 317 3889 potuit,
337 3823 369 3875 ut
390 3832 458 3876 casu
479 3818 602 3890 quodam
623 3819 653 3874 in
675 3819 709 3875 iis
730 3819 799 3877 solis
821 3819 870 3890 qui
900 3817 982 3876 nobis
1014 3818 1120 3874 servati
1148 3821 1213 3872 sunt
1241 3815 1273 3871 li·

133 3915 191 3976 bris
205 3917 259 3975 hoc
280 3917 326 3976 vel
357 3918 428 3976 illud
449 3917 566 3976 verbum
590 3919 677 3976 semel
698 3924 810 3977 tantum
831 3915 1005 3975 traderetur.
1029 3916 1058 3974 Si
1080 3920 1274 3987 veropraeter

132 4016 288 4075 ablativum
319 4018 471 4090 singularis
492 4019 603 4075 numeri
626 4018 697 4077 alios
718 4035 801 4078 casus
821 4035 853 4078 re
875 4027 945 4074 vera
966 4033 1022 4074 non
1045 4017 1170 4075 extitisse
1199 4015 1272 4072 indi·

131 4134 239 4184 camus,
261 4117 309 4174 ille
329 4118 389 4174 sine
411 4116 496 4176 dubio
517 4117 554 4174 ad
575 4118 736 4190 analogiam
757 4117 866 4176 formae
887 4117 979 4187 supini
1001 4116 1029 4173 Il
1049 4118 1078 4174 in
1100 4133 1122 4171 a
1144 4115 1272 4174 exeuntis

132 4215 326 4274 conformatus
347 4224 399 4274 est.
