2938 4832
728 233 872 320 -..Ἢ

235 423 435 508 *praefectioz
467 431 501 488 L.
522 431 556 490 L.
579 425 648 500 VII,
678 433 717 489 70
746 435 774 490 *a
795 430 996 506 'praefectione
1025 433 1151 504 praefica
1178 427 1261 494 dieta'
1276 397 1373 508 ¹apud

297 529 456 590 Varronem
474 539 560 632 unum
581 534 669 603 extat,
704 547 766 589 eum
787 534 817 590 in
837 527 900 596 loeo
921 533 1009 592 Mart.
1032 532 1102 606 (lap.
1126 535 1143 590 7
1166 528 1183 606 §
1205 535 1263 593 733
1292 553 1373 594 nunc

294 635 373 690 reete
392 631 506 705 legatur
534 623 691 703 perfeetio'.
1004 647 1005 652 ’
1227 651 1230 658 “
1281 633 1285 646 “

235 739 377 805 *eulattoz
399 746 433 804 L.
455 747 493 818 L:
512 745 547 818 V,
572 749 609 805 13
632 729 734 806 ‘Multa
749 748 877 806 societas
895 747 1060 815 verborum,
1092 765 1144 808 neo
1159 750 1279 810 ¹Vinalia
1306 755 1372 811 sine

262 868 264 874 ’
296 835 362 907 uino
383 846 512 920 expediri
541 862 593 905 neo
626 846 705 904 ouria
721 841 850 905 'Calabra
874 847 934 904 sine
962 849 1103 908 relatione
1129 855 1225 922 potest
1246 845 1372 926 aperiri,

251 935 274 970 ·’
296 948 314 1005 i.
337 964 364 1005 1.
385 948 465 1021 origo
484 945 614 1004 voeabuli
634 947 730 1025 eumue
745 945 886 1005 Calabrae
907 947 966 1006 sine
988 949 1290 1023 calationeexplio'ari
1312 967 1372 1011 nou

294 1051 402 1119 potest;
425 1047 479 1106 hoo
499 1051 595 1104 omen
623 1045 792 1105 vocabulum
811 1044 931 1106 fortasse
962 1048 1076 1121 linguae
1098 1065 1198 1110 sacrae
1221 1053 1369 1124 proprium

297 1144 381 1204 inisse
403 1151 433 1203 et
455 1137 523 1204 casn
539 1145 666 1218 quodam
686 1145 754 1204 alibi
775 1161 832 1204 non
859 1147 981 1204 inveniri
1010 1149 1144 1208 concedo.
1188 1148 1322 1208 Ceterum
1345 1169 1374 1207 v.

301 1237 438 1303 Calabra
465 1247 507 1304 ita
534 1262 552 1304 a
577 1243 666 1304 verbo
693 1245 806 1305 odlandi
839 1245 998 1319 profectum
1027 1252 1073 1306 est
1099 1253 1132 1307 ut
1159 1241 1373 1309 ναίω-111111

298 1345 419 1406 11111111
451 1343 503 1414 (ef.
536 1337 664 1404 Cerussa
691 1345 728 1404 K.
756 1346 790 1404 B.
818 1345 915 1420 355).·
1035 1347 1129 1422 Magis
1160 1351 1190 1406 in
1220 1349 1373 1409 verborum

249 1453 252 1458 '
297 1430 407 1518 sopiam
427 1448 547 1520 reoe'pta
567 1459 631 1505 esse
650 1445 784 1521 uidentur
804 1445 943 1505 vocabula
964 1447 1048 1506 haee:

198 1600 202 1607 .
236 1553 385 1622 *canuam
408 1564 442 1623 L.
464 1565 499 1623 L.
522 1563 556 1634 V,
579 1565 618 1622 20
640 1544 798 1622 ‘eaeluma
826 1555 980 1636 paratione'
1013 1569 1043 1622 et
1070 1565 1167 1637 paullo
1196 1571 1263 1624 aute
1291 1563 1308 1640 ξ
1334 1565 1371 1622 19

248 1705 252 1714 .
299 1655 336 1720 'et
356 1664 427 1721 item
447 1663 559 1722 Ennius
579 1662 616 1720 ad
638 1653 830 1721 cavationem.
852 1662 888 1720 L.
909 1661 943 1720 L.
966 1664 1001 1722 V.
1026 1663 1083 1723 123
1107 1661 1207 1730 'sinum
1236 1665 1273 1724 ab
1295 1667 1371 1735 'sinn

298 1763 373 1834 quod
394 1763 486 1820 sinum
509 1763 648 1820 maiorem
669 1763 845 1821 cavationem
867 1777 951 1834 quam
973 1765 1077 1835 poeula
1098 1756 1266 1837 habebant'3
1296 1765 1371 1823 hano

296 1863 384 1935 igitur
405 1861 527 1921 formam
547 1862 641 1922 Varro
662 1864 691 1921 in
713 1879 792 1922 snam
814 1860 967 1920 verborum
989 1865 1100 1935 copiam
1121 1881 1188 1923 vere
1209 1867 1328 1938 recepit.

237 1971 388 2058 demptio:
423 1978 458 2037 L.
480 1978 514 2038 L.
536 1979 571 2046 V,
603 1980 659 2035 176
692 1970 835 2037 ‘damnum
863 1995 880 2036 a
907 1970 1077 2053 demptione'
1115 1985 1144 2037 et
1176 1981 1212 2039 L.
1238 1981 1273 2044 L.
1294 1979 1372 2052 V‚6

299 2060 483 2138 ‘Litterarum
513 2078 637 2151 demptio
666 2084 716 2136 aut
743 2065 869 2148 additio'‚
905 2077 983 2150 quod
1019 2077 1186 2137 vocabulum
1220 2097 1276 2140 non
1305 2087 1372 2140 ante

296 2174 422 2237 infimam
442 2172 595 2238 latinitatis
616 2183 741 2238 aetatem
762 2178 914 2252 reperitur.
957 2177 1048 2237 Extat
1069 2179 1146 2238 enim
1166 2184 1316 2251 praeterea
1340 2183 1370 2262 io

298 2277 412 2352 Vulgat.
434 2279 527 2350 Exod.
550 2281 598 2346 35,
620 2281 669 2345 21,
702 2279 752 2347 (de
778 2294 835 2350 qua
856 2274 892 2336 of.
914 2269 1054 2336 Roeneeh
1085 2280 1161 2338 Itala
1187 2297 1213 2336 u.
1236 2277 1318 2353 Vulg.
1341 2298 1370 2354 p.

302 2377 361 2452 72).
480 2377 547 2437 Alia
566 2379 650 2438 huius
671 2377 785 2452 generis
805 2376 943 2436 voeabula
964 2384 1029 2437 sunt
1049 2379 1134 2440 haee:
1198 2369 1200 2376 ⁴

237 2491 372 2566 *curato
401 2497 435 2554 L.
457 2494 491 2554 L.
513 2497 547 2567 V,
573 2500 607 2554 11
643 2475 760 2567 ‘corpus
788 2501 831 2552 est
857 2500 891 2551 ut
918 2511 1031 2568 cursor3
1059 2498 1138 2554 loeus
1166 2495 1290 2556 stadium
1317 2515 1373 2569 qna

299 2596 401 2668 ourrit3
424 2600 535 2670 tempus
560 2595 632 2654 hora
653 2599 709 2668 qm
730 2595 835 2668 currit;
866 2597 941 2653 aetio
963 2587 1062 2654 eursio'
1091 2595 1166 2668 qnod
1193 2595 1371 2668 vocabulum,

298 2699 330 2751 ut
351 2686 471 2754 ‘actioni'
494 2695 583 2754 simile
604 2694 734 2766 haberet,
755 2696 851 2754 neseio
871 2711 909 2753 an
930 2693 986 2754 sibi
1005 2693 1131 2753 finxerit.

102 2793 107 2800 '
185 2864 188 2870 ,
237 2805 421 2890 *irraqutioz
453 2810 536 2870 Varr.
560 2827 606 2884 ap.
625 2809 704 2870 Seru.
727 2811 764 2870 ad
785 2810 857 2874 Aen.
883 2816 908 2882 1,
932 2811 992 2869 648
1014 2809 1104 2868 'Palla
1125 2808 1278 2870 seeundum
1300 2810 1373 2868 Var-

298 2926 398 2970 ronem
419 2909 495 2970 diota
515 2916 560 2971 est
581 2910 818 2990 autumatione
852 2917 882 2978 et
909 2899 1085 2970 mobilitate'.
1127 2909 1226 2970 Editio
1255 2911 1371 2984 Bipont.

269 3037 270 3040 ¹
300 3009 335 3070 de
356 3010 389 3068 L.
410 3012 445 3070 L.
466 3028 496 3083 p.
518 3013 577 3068 347
591 2997 594 3001 “
608 3000 792 3084 ‘irrigatione'
822 3008 952 3080 exhibet,
983 3009 1059 3080 quod
1087 3011 1182 3069 neseio
1209 3027 1246 3068 an
1274 3026 1373 3070 errore

296 3109 470 3183 typographi
489 3111 519 3168 in
539 3115 701 3168 contextum
723 3111 881 3181 irrepserit.
925 3109 1058 3168 Ceterum
1080 3109 1175 3168 Varro
1196 3111 1256 3182 ipse
1283 3111 1370 3170 alium

297 3202 405 3288 pullae
425 3209 612 3281 veriloquium
633 3207 744 3281 profert
764 3208 798 3266 L.
821 3207 855 3266 L.
877 3209 912 3277 V,
938 3208 992 3266 131
1019 3201 1102 3278 ‘quod
1122 3205 1192 3266 foris
1214 3224 1249 3266 ae
1267 3209 1371 3280 palam,

297 3298 392 3383 palla',
420 3307 498 3380 ,quod
518 3308 547 3366 in
568 3325 601 3366 eo
623 3323 678 3380 quo
699 3307 789 3366 utitur
816 3306 1025 3378 interpretandi
1050 3320 1130 3364 more
1159 3323 1216 3366 non
1246 3307 1371 3374 offendit.

247 3448 265 3454 ..
300 3405 426 3466 Verbum
450 3407 597 3480 irrugandi
625 3410 706 3466 extat
738 3407 810 3465 Geli.
837 3408 883 3477 12,
909 3410 923 3462 1
947 3403 1017 3480 §.83
1047 3407 1118 3466 Stat.
1141 3406 1230 3467 Theb.
1253 3409 1372 3479 tato.

197 3557 199 3562 ·
239 3519 388 3604 *opertior
409 3523 444 3583 L.
466 3525 501 3582 L.
523 3522 557 3595 V,
582 3526 619 3581 72
643 3509 861 3596 Neptunus...
890 3521 1046 3594 ab..nnptn
1063 3523 1103 3582 id
1136 3530 1180 3582 est
1207 3515 1372 3596 opertione.

322 3627 395 3684 Tum
414 3624 491 3684 haud
511 3640 602 3696 panea
622 3625 652 3682 in
681 3623 760 3682 libris
782 3622 817 3680 de
831 3621 886 3680 ‘Re
906 3619 1025 3682 Rostiea
1049 3624 1163 3695 seriptis
1183 3622 1372 3692 inveniuntur,

240 3739 313 3797 quae
340 3723 377 3783 ad
397 3739 457 3782 rem
478 3721 811 3794 rustieampertinentia
832 3738 850 3781 a
869 3713 998 3779 Varron‘e
1018 3722 1147 3792 primum-
1160 3721 1190 3778 ir
1205 3721 1372 3779 litterarum

239 3841 322 3884 usum
341 3823 506 3885 introducta
527 3826 601 3893 suut,
624 3837 744 3894 quorum
766 3821 838 3879 haee
856 3819 1000 3882 enatanda
1019 3821 1135 3890 putavi:
1227 3865 1229 3868 .

241 3917 404 3983 admistio:
426 3922 462 3981 R.
485 3923 521 3981 R.
543 3923 582 3994 Π,
605 3925 632 3992 1,
659 3922 695 3979 18
717 3919 854 3992 deequis
874 3919 1009 3979 saliendis
1032 3919 1174 3977 diotahoo
1187 3923 1371 3980 tantumloeo

302 4028 391 4086 extat.
433 4023 517 4098 Apud
550 4021 704 4096 scriptores
729 4025 886 4092 argenteae
908 4019 1011 4078 aetatis
1038 4021 1191 4091 usurpatur
1223 4019 1261 4078 de
1292 4019 1371 4078 aditu

301 4121 439 4195 solemni,
461 4124 509 4195 qui
530 4123 631 4196 legatis
652 4120 752 4178 adisse
773 4118 936 4193 petentibus
956 4117 994 4178 ad
1007 4115 1158 4176 Gaesarem
1179 4118 1224 4177 uel
1240 4124 1371 4176 senatum
