2938 4832
801 273 901 360 At
941 355 947 359 .

230 487 232 492 ·
337 445 551 529 '’adstrunerat
585 459 754 528 renundatus
783 472 868 528 etiam
903 470 1070 528 inusitatum
1107 471 1274 542 vocabulum
1303 459 1442 553 ¹rapa'ster

263 587 265 592 ·
310 580 335 622 ’.ι
368 568 469 628 haberi
491 569 565 656 apud
588 569 758 641 ltueiliumi
807 569 903 628 stetim
932 585 989 628 non
1012 571 1118 629 monito
1145 572 1255 630 lectore
1278 567 1440 632 subiunxit.

519 675 521 682 '
690 671 692 676 “
841 664 909 741 ἕ3.

303 791 312 822 ’-
372 767 484 837 ‘Peuce
515 776 590 835 addo
615 776 654 835 de
682 775 866 835 substantivis
887 777 917 837 11
943 793 991 834 -or
1014 773 1085 849 (es)
1111 779 1287 852 exeuntibus,
1321 781 1350 838 iu
1379 783 1439 854 qui·

305 875 360 934 bus
394 877 503 936 Varro·
518 877 553 934 ab
573 889 632 934 *usu
658 873 845 935 ciceroniana
865 875 942 935 haud
969 878 1010 936 111
1030 879 1114 952 longe
1136 877 1265 951 discedit,
1289 895 1353 938 eum
1374 881 1438 953 plu-

304 979 379 1036 rima
403 977 503 1035 luorum
532 960 789 1046 substantivorum,
812 974 913 1046 quibus
935 979 1037 1048 utitur,
1068 965 1207 1036 etiam'in
1236 978 1384 1038 Ciceronis
1406 981 1437 1037 li-

303 1077 364 1136 nris
386 1076 576 1146 inveniantur,
601 1078 632 1132 ut
646 1067 742 1146 111111,
756 1069 880 1156 fervor,
895 1093 999 1156 sapor,
1014 1070 1118 1150 sudor,
1134 1084 1228 1154 tenor,
1251 1059 1372 1151 tuemur,
1386 1097 1439 1136 va·

301 1185 369 1254 per.
403 1174 557 1234 Nonnulla
576 1181 672 1233 temen
687 1175 847 1234 huiusmodi
861 1175 1042 1237 substantiva
1063 1193 1080 1236 1
1102 1178 1233 1237 Varrone
1255 1185 1357 1238 noveta
1380 1197 1440 1240 esse

308 1278 446 1350 suspicor,
469 1277 559 1334 velut:
702 1336 706 1345 ,

305 1373 424 1434 *κοονε
448 1378 482 1436 L.
503 1376 536 1432 L.
559 1377 594 1447 V,
621 1379 678 1435 104
699 1368 779 1434 ‘uvae
801 1375 837 1434 ab
859 1368 962 1448 upore’,
987 1378 1061 1450 quod
1084 1377 1251 1437 vocabulum
1272 1378 1327 1438 sibi
1358 1376 1440 1438 finxit

366 1477 490 1537 sverbo
512 1467 663 1548 tenendi,
696 1476 770 1549 quod
790 1477 820 1533 in
843 1490 895 1533 usu
908 1473 993 1533 fuisse
1016 1472 1089 1534 effici
1117 1477 1230 1536 videtur
1250 1477 1348 1537 formis
1370 1496 1438 1550 par-

278 1603 280 1614 *
328 1603 346 1608 ¹·
365 1574 456 1648 ticipii
477 1565 578 1633 ‘nuens'
599 1579 629 1631 et
643 1574 797 1634 incohativi
811 1566 958 1634 ‘urescere'
979 1574 1095 1635 Lucret.
1122 1580 1147 1648 1,
1170 1576 1237 1635 306.
1262 1577 1437 1651 Quamquam

355 1663 441 1735 'hsud
462 1676 561 1746 ignoro
583 1674 635 1733 has
656 1673 850 1747 ipsasformas
862 1675 1021 1748 ipsoverbo
1043 1668 1186 1747 †uvenda’
1198 1691 1256 1735 nou
1271 1657 1400 1738 adhibito
1421 1697 1438 1738 1

363 1775 452 1847 stirpe
473 1774 610 1832 nominali
630 1772 698 1848 fingi
719 1775 854 1846 potuisse.
1316 1779 1319 1784 ⁴

303 1873 454 1932 *earum
479 1871 511 1932 L.
527 1873 561 1931 L.
583 1875 618 1943 V,
644 1875 702 1932 104
723 1871 894 1936 'cucumeres
907 1876 1039 1934 dicuntur
1053 1892 1071 1933 a
1092 1868 1217 1936 curvere'
1233 1885 1262 1936 et
1276 1877 1309 1937 L.
1324 1879 1358 1939 L.
1374 1878 1437 1944 iil,

329 2015 331 2022 .
365 1975 405 2042 25
419 1965 537 2032 ‘cornua
552 1990 570 2032 a
584 1987 702 2032 cursore
718 1972 803 2047 diets,
828 1974 903 2048 quod
918 1974 1135 2047 substantivum,
1158 1995 1222 2036 enm
1236 1979 1317 2037 verbi
1338 1980 1436 2050 inur-

349 2063 455 2132 111111
467 2073 546 2130 nulla
567 2073 624 2131 iam
639 2073 759 2146 vestigia
773 2078 880 2140 extent,
902 2074 1060 2134 derivatum
1080 2083 1125 2135 est
1146 2077 1180 2135 ab
1203 2077 1343 2137 adiectivo
1365 2096 1437 2135 cur-

363 2191 420 2232 vus
441 2174 477 2233 ad
498 2171 712 2232 similitudinem
736 2189 843 2242 eorum,
867 2190 941 2246 quae
968 2190 1000 2233 re
1029 2192 1097 2233 vera
1124 2192 1142 2232 a
1169 2176 1304 2246 stirpibus
1332 2177 1436 2235 verba-

311 2325 312 2335 ,
362 2273 436 2333 libus
469 2271 598 2346 proiecta
628 2279 703 2332 sunt.
756 2272 814 2330 Pro
841 2289 970 2331 curvare
1001 2279 1080 2334 estat
1111 2264 1278 2333 ‘curvatura’
1305 2290 1351 2345 ap.
1381 2275 1436 2332 Ov.

259 2441 261 2448 Ι
318 2419 320 2428 1
362 2374 448 2447 Verg.
478 2373 563 2444 Plu,
587 2365 752 2432 ‘curvamen’
765 2390 813 2446 ap.
828 2372 908 2434 Ovid.
931 2378 960 2432 et
978 2372 1051 2434 Plin.
1075 2391 1129 2448 ep,
1147 2365 1288 2432 ‘curvitas’
1308 2391 1353 2447 ap.
1370 2373 1435 2432 Ma-

271 2523 272 2526 ,
363 2474 440 2532 ereb.
454 2470 564 2544 (Somn.
577 2471 700 2545 Scipion.
723 2477 750 2544 1,
771 2473 818 2545 15,
843 2469 885 2548 7.)
906 2471 1047 2532 Videntur
1067 2472 1155 2532 verba
1175 2489 1254 2530 anor
1274 2479 1304 2532 et
1325 2490 1438 2532 earaor

362 2590 380 2631 a
413 2573 544 2630 Varrone
574 2572 721 2643 veriloquii
754 2589 838 2632 11111
867 2577 973 2630 novata
1001 2588 1062 2630 esse
1098 2588 1187 2644 aeque
1215 2577 1302 2644 atque
1333 2573 1382 2632 illa
1403 2576 1433 2632 in

362 2678 424 2728 -tus
446 2673 587 2743 exeuntia,
611 2687 683 2744 quae
704 2689 791 2746 supra
813 2671 906 2732 attuli.

301 2761 447 2853 *tendent
478 2777 530 2829 set.
560 2770 596 2830 in.
619 2773 657 2829 57
689 2770 738 2841 (R.
772 2775 837 2842 110,
861 2773 892 2842 4)
921 2763 974 2830 ‘Ne
999 2771 1044 2830 1111
1072 2770 1191 2843 pedatus
1214 2773 1239 2806 -'
1259 2787 1280 2801 ⁴
1302 2772 1433 2830 versuum

362 2871 461 2929 tardor
482 2853 642 2931 Renenet.’'
668 2853 687 2929 i.
710 2888 734 2930 e.
763 2887 815 2942 per
844 2870 1016 2944 hypallagen
1037 2870 1143 2929 dietum
1171 2886 1224 2941 pro
1255 2861 1433 2943 ‘pedaturam

357 2987 489 3031 versuum
510 2963 616 3031 tardor'
646 2969 697 3040 (ef.
728 2962 990 3029 1111111111111111.ι
1013 2986 1043 3042 p.
1070 2969 1147 3043 138).
1185 2967 1248 3029 Hoc
1275 2970 1432 3030 substanti-

359 3059 433 3143 1111,
448 3088 627 3146 ,1111111111
649 3070 886 3144 frequentativum
906 3061 1083 3130 ‘tardeseere’
1111 3087 1157 3143 ep.
1180 3070 1296 3129 Lueret.
1320 3071 1347 3142 3,
1370 3072 1432 3128 479

281 3162 290 3188 ”
358 3174 509 3244 invenitur,
533 3177 628 3229 temen
651 3171 686 3229 ed
714 3170 883 3230 adieetivum
914 3163 1023 3228 tandm
1045 3168 1153 3229 referre
1173 3170 1321 3229 maluerim
1346 3186 1431 3241 quam

363 3274 399 3333 ad
414 3272 532 3332 verbum
546 3259 727 3342 flammai,
752 3286 816 3328 eum
829 3272 923 3343 ipsum
944 3268 1061 3329 verbum
1076 3261 1269 3328 taideseendi
1283 3284 1371 3340 seque
1386 3276 1432 3328 at·

359 3387 413 3445 que
435 3373 525 3430 multe
547 3371 605 3430 alia
625 3369 836 3442 frequentativa
858 3372 998 3430 enomine
1019 3367 1178 3443 profectum
1193 3384 1257 3428 esse
1278 3369 1431 3427 verisimile

329 3477 332 3482 “
357 3473 403 3530 sit.
418 3469 539 3530 Praeter
553 3470 712 3529 Varronem
732 3485 815 3528 nemo
830 3463 985 3528 tardarem
1000 3470 1072 3529 dixit
1081 3487 1135 3544 pro
1148 3471 1254 3529 usitata
1267 3460 1428 3538 tarditate3

253 3633 255 3640 ,
358 3578 461 3646 poetae
482 3561 568 3644 prieti
581 3587 634 3644 pro
649 3570 747 3629 eodem
760 3586 866 3642 ponere
882 3569 1012 3630 solebant
1032 3563 1195 3630 ‘tarditudo’
1217 3568 1296 3640 (Aee.
1318 3573 1355 3625 tr.
1379 3570 1429 3625 69.

357 3669 450 3730 Plaut.
474 3671 562 3728 Poen.
585 3669 634 3740 ΠΙ,
662 3673 686 3739 1,
709 3669 763 3738 29)
792 3671 836 3727 vel
856 3661 1000 3728 ‘tardities'
1023 3671 1106 3740 (Aee.
1127 3678 1162 3728 tr.
1187 3669 1271 3737 278).

826 3769 895 3842 Μ.

375 3870 506 3952 ¹Transeo
541 3873 578 3932 sd
609 3888 643 3930 ea
672 3870 849 3930 substantiva
876 3871 1040 3940 masculina,
1070 3885 1142 3943 qnae
1172 3883 1238 3925 -on·
1270 3864 1364 3925 suffixi
1385 3870 1430 3925 vel

295 3971 426 4044 primarii
445 3972 491 4030 vel
510 3970 670 4031 secundarii
698 3988 752 4044 ope
785 3987 803 4028 a
829 3969 963 4042 stirpibus
992 3969 1122 4029 derivate
1149 3974 1222 4028 sunt.
1259 3967 1429 4025 Primariuun

276 4073 372 4128 'enim
402 4071 578 4144 appellamus
607 4071 682 4144 qnod
712 4071 749 4129 ad
771 4070 875 4143 stirpes
899 4069 1035 4156 verbales,
1065 4068 1263 4128 secundarium
1285 4065 1361 4139 quod
1393 4068 1431 4124 ad

295 4173 399 4246 stirpes
422 4171 568 4230 nominum
591 4171 714 4230 edditnr.
750 4169 867 4256 Omissis
887 4172 975 4256 igitur
1003 4168 1047 4240 iis,
1070 4182 1142 4241 quae
1157 4167 1280 4227 Varroni
1302 4177 1432 4222 eommu-
