2938 4832
783 257 823 313 34

236 451 459 540 retrirueuturu:
483 452 518 512 R.
542 455 575 513 R.
597 454 621 524 Ι,
645 455 694 519 64,
722 455 753 529 1;
791 459 845 512 sat.
873 450 910 513 fr.
933 455 993 513 430
1025 449 1074 532 (R.
1104 459 1174 530 202,
1202 455 1235 536 4)
1268 464 1297 520 ct
1323 475 1367 532 ap.

299 555 374 616 0010.
398 554 624 617 Macrob-Ut
638 553 732 612 Varro
754 553 930 627 longioribus
955 553 1055 616 formis
1077 559 1204 618 crebrius
1225 574 1294 619 usus
1319 565 1367 630 est,

299 660 341 717 ita
362 674 398 718 cx
419 657 545 718 eiusdem
568 656 671 716 aetatis
693 653 880 728 scriptoribus
902 656 1053 715 Lucretius
1081 657 1228 719 breviores
1249 660 1280 718 in
1302 658 1368 717 deli·

299 762 349 820 ciis
369 757 503 828 habebat,
525 747 1034 836 1110090100,00100000,1οο0100,
1055 751 1217 826 clinamen,
1231 751 1368 835 frustru-

297 879 375 929 meu,
404 861 469 930 alia,
496 874 569 932 quae
598 862 747 917 enumerat
773 849 924 916 Scbubert
955 851 1017 933 (De
1051 857 1167 917 Lucrct.
1205 858 1284 918 verb.
1315 859 1369 919 for·

299 962 426 1022 matione
446 976 474 1032 p.
498 959 563 1028 24).

809 1054 898 1130 §lh

322 1163 571 1226 substantivorum
594 1163 623 1220 111
653 1159 747 1219 -itum
768 1161 959 1221 desinentium
980 1160 1118 1224 nonnulla
1139 1163 1232 1222 Varro
1260 1167 1291 1222 et
1315 1162 1371 1236 pri-

238 1281 300 1324 mus
319 1270 349 1324 et
370 1264 447 1322 solus
466 1262 579 1322 videtur
601 1261 762 1323 adhibuisse
784 1278 837 1320 nec
858 1266 956 1321 tamen
977 1262 1038 1333 ipsc
1064 1277 1197 1328 novasse,
1218 1262 1310 1320 velut:

241 1360 430 1423 *iuueetumz
453 1363 487 1422 R.
509 1360 545 1421 R.
569 1362 592 1432 Ι,
615 1365 644 1434 8,
666 1365 683 1420 3
704 1367 734 1421 et
754 1354 966 1419 *000010101οε
989 1361 1023 1420 L.
1047 1361 1081 1420 L.
1102 1361 1137 1432 V,
1162 1362 1210 1418 51.

321 1464 388 1523 Alia
407 1463 490 1522 huius
503 1462 604 1522 classis
615 1460 801 1531 substantiva,
813 1479 885 1534 quae
899 1471 1016 1537 praeter
1026 1463 1185 1522 Varronem
1202 1464 1373 1535 posteriores

301 1567 456 1638 scriptores
478 1563 623 1636 adhibent,
646 1562 719 1622 haec
738 1568 817 1621 sunt:

232 1659 375 1746 ficetum:
400 1664 436 1722 R.
458 1665 494 1723 R.
517 1664 540 1738 1,
563 1665 612 1735 41,
639 1665 664 1738 1,
686 1662 761 1736 quod
785 1668 936 1736 praeterea
957 1662 1063 1736 legitur
1083 1678 1129 1737 ap.
1155 1663 1230 1721 Pliu.
1252 1664 1339 1722 Mart.

241 1771 456 1846 querquetum:
481 1763 516 1821 R.
539 1765 574 1822 R.
598 1767 624 1836 1,
651 1766 696 1836 16,
721 1765 756 1837 6;
793 1770 847 1823 sat.
870 1761 906 1821 fr.
930 1765 989 1821 424
1012 1761 1062 1836 (R.
1086 1766 1155 1834 200,
1179 1761 1212 1833 8)
1246 1768 1276 1822 et
1302 1765 1375 1824 idem

304 1867 383 1926 Fest.
407 1865 483 1936 201;
507 1863 578 1922 Ηο1.
602 1879 689 1924 carm.
712 1865 741 1936 2,
766 1866 843 1936 9,1.

242 1944 390 2025 rosetum:
413 1967 448 2025 R.
471 1965 507 2024 R.
528 1964 551 2041 1,
581 1965 630 2038 35,
655 1969 669 2022 1
693 1966 766 2023 coni.
800 1964 964 2039 Schneider,
995 1967 1044 2038 qui
1066 1981 1139 2039 quae
1165 1965 1313 2026 adnotavit
1340 1966 1377 2026 ad

298 2067 325 2125 h.
357 2065 377 2124 l.
414 2065 609 2125 conferantur.
644 2063 685 2121 'In
722 2063 866 2123 codicibus
902 2067 978 2124 enirn
1010 2066 1081 2125 haec
1109 2064 1198 2128 verba
1227 2068 1375 2141 leguntur:

305 2161 416 2226 'Serere
453 2166 543 2225 lilium
571 2171 600 2224 et
632 2181 762 2238 crocum;
786 2164 862 2238 quod
887 2166 944 2225 iarn
972 2167 1032 2240 egit
1058 2167 1194 2240 radicem,
1223 2184 1376 2226 rocameu

303 2261 445 2326 conditur
459 2268 508 2340 P„
530 2272 637 2324 rosato
666 2258 809 2324 conditur
831 2267 880 2337 P„
906 2283 979 2325 rosa
1001 2275 1028 2325 ct
1048 2261 1224 2327 conciditur
1252 2268 1376 2340 0000011,

305 2385 378 2442 quac
412 2367 503 2428 verba
538 2367 695 2427 Schneider
730 2367 772 2426 sic
808 2367 984 2428 emendavit:
1029 2376 1161 2428 rosetum
1195 2363 1378 2430 conciditur.

302 2470 382 2530 Idem
418 2466 587 2529 vocabulum
618 2466 810 2528 adhibuerunt
846 2469 990 2542 Vergilius
1027 2470 1079 2530 ecl.
1117 2473 1145 2538 5,
1178 2475 1215 2530 17
1244 2471 1381 2532 0101011-

304 2569 403 2630 diauus
423 2570 511 2643 Nupt.
535 2569 610 2628 Hon.
634 2571 661 2628 8.

243 2663 438 2746 aesculetum:
461 2670 537 2742 quod
558 2674 601 2728 est
622 2670 656 2730 L.
680 2669 713 2728 L.
737 2667 771 2741 V,
792 2670 848 2726 152
864 2686 967 2729 nomen
983 2672 1038 2730 vici
1059 2671 1190 2744 Romani,
1206 2687 1222 2730 a
1237 2669 1382 2730 Muellero

303 2771 337 2834 L.
360 2772 394 2830 L.
417 2772 451 2844 V,
475 2774 514 2829 49
530 2779 563 2829 ut
577 2787 681 2830 nomen
696 2771 899 2843 appellativum
915 2771 1050 2830 audacius
1066 2773 1095 2830 in
1110 2775 1271 2832 contextum
1284 2788 1383 2845 recep

304 2879 365 2931 tum
385 2878 436 2945 est,
459 2853 544 2946 quam
567 2872 641 2945 quod
663 2873 787 2932 Varroni
807 2873 861 2930 hoc
882 2873 945 2930 loco
958 2879 1039 2958 certo
1053 2873 1237 2932 vindicemus.
1267 2870 1385 2930 Primus

304 2973 418 3032 videtur
452 2973 589 3032 Horatius
632 2989 719 3030 carm.
755 2973 777 3044 Ι,
820 2974 868 3043 22,
895 2977 931 3029 14
968 2973 1022 3033 hoc
1061 2971 1228 3032 vocabulum
1264 2973 1384 3032 notione

254 3155 256 3160 ,
304 3075 427 3133 nominis
447 3074 612 3148 appellativi
633 3057 824 3146 usurpavisse.
840 3073 883 3132 cf.
906 3073 979 3132 Plin.
1003 3074 1040 3131 Η.
1063 3074 1099 3134 N.
1126 3077 1173 3145 16,
1197 3075 1245 3132 37.

451 3233 454 3238 ⁴
769 3169 857 3246 §ra

326 3276 373 3334 Ex
390 3291 509 3334 numero
531 3274 732 3335 vocabulorum
754 3277 783 3333 in
805 3269 924 3333 -buium
938 3282 968 3335 ct
982 3270 1092 3351 -brum,
1104 3293 1178 3348 quae
1200 3274 1303 3334 suffixa
1317 3292 1385 3333 cum
1445 3277 1446 3372 l

244 3375 344 3436 eadem
372 3378 430 3435 sint
455 3382 485 3435 et
512 3378 622 3451 origine
646 3383 675 3436 et
695 3376 911 3452 significatione,
941 3379 983 3435 ita
1012 3377 1148 3450 stirpibus
1177 3375 1386 3450 adiunguntur,

227 3471 298 3548 ,uti
311 3479 409 3538 httcra
431 3477 623 3550 praecedente
645 3472 748 3535 -brum
758 3495 812 3552 pro
828 3471 947 3536 -buiuru
961 3478 1030 3550 poni
1043 3477 1144 3548 soleat,
1159 3481 1389 3536 commemoratu

245 3579 332 3653 digna
352 3583 417 3638 sunt
437 3577 524 3637 haec:
739 3567 740 3570 '

244 3671 499 3736 *1010100010οι
537 3685 591 3737 sat.
613 3677 650 3736 11.
674 3681 733 3738 348
761 3681 811 3752 (R.
838 3685 905 3754 179,
931 3678 961 3756 1)
993 3673 1184 3739 “Dmuaoulu
1215 3693 1277 3738 sum
1305 3677 1388 3737 vocis

175 3767 178 3774 ’
306 3769 518 3840 suscitdbulum'
539 3779 567 3838 h.
590 3795 615 3839 e.
637 3781 717 3853 quasi
738 3783 968 3855 instrumentum,
992 3799 1048 3856 quo
1069 3784 1131 3855 quis
1153 3781 1319 3838 suscitatur.
1444 3781 1446 3840 l

169 3871 178 3922 ἶ
245 3873 403 3938 tribulum:
435 3874 593 3952 (tricolum
616 3881 751 3940 scribitur
772 3883 806 3942 L.
820 3883 854 3942 L.
867 3883 901 3956 V,
918 3881 971 3957 21)
984 3884 1027 3942 'R.
1043 3884 1078 3942 R.
1093 3883 1114 3954 1,
1132 3883 1181 3953 22,
1199 3886 1229 3953 1;
1243 3881 1266 3954 Ι,
1284 3882 1335 3953 52,
1358 3885 1388 3952 1,

168 3967 176 4014 t
307 3983 381 4054 quod
407 3983 482 4042 idem
511 4001 559 4056 ap.
586 3982 671 4058 Verg.
700 3982 775 4041 Plin.
803 3983 870 4042 Alia
900 3983 1026 4042 eiusdem
1057 3982 1188 4042 vocabuli
1217 3981 1311 4042 forma
1340 3989 1391 4040 est

308 4073 429 4143 ‘tributa'
453 4101 502 4156 ap:
522 4084 584 4144 col.
612 4088 636 4157 1,
662 4087 691 4157 c,
715 4083 770 4156 03;
795 4087 824 4156 0,
848 4086 897 4150 20,
920 4087 956 4157 4;
982 4087 1027 4156 12,
1053 4088 1101 4159 52,
1124 4087 1152 4143 1.

246 4166 486 4264 *0090011οῑ01οε
509 4185 545 4244 R.
561 4188 597 4246 R.
618 4186 643 4261 1,
667 4186 714 4257 55,
748 4189 761 4242 1
786 4177 894 4244 ‘mehor
916 4201 950 4244 00
971 4182 1072 4259 (olea),
1093 4202 1166 4259 quas
1180 4186 1277 4260 digitis
1301 4185 1392 4244 nudis

201 4297 205 4302 ·
307 4286 421 4360 legitur,
450 4302 534 4358 quam
557 4287 607 4343 illa
629 4302 701 4359 quae
723 4303 788 4344 cum
817 4281 999 4361 digitalibus,
1028 4287 1077 4347 ubi
1104 4288 1271 4348 vocabulum
1302 4279 1392 4365 dipi-

135 4373 143 4388 ‘
308 4377 446 4444 tabulam
460 4387 490 4445 in
511 4391 674 4446 contextum
695 4386 825 4460 recipere
848 4379 1088 4452 Schneider-non
1109 4406 1193 4450 ausus
1215 4394 1269 4462 est,
1285 4405 1393 4464 quam·
