2938 4832
717 234 733 312 a

160 457 194 514 R.
218 457 241 526 I,
267 457 294 521 2,
320 459 334 512 1
359 446 403 513 ‘eb
430 455 574 527 aeditimo,
597 454 745 545 utndicere
766 455 915 514 didicimus
937 474 955 515 a
976 459 1107 530 patribus
1128 458 1248 534 nostris;
1273 467 1306 538 ut

158 558 332 630 corrigimur
355 571 373 612 a
393 553 557 614 recentibus
578 554 706 630 urbanis,
730 555 766 614 ab
792 548 925 614 aedituo'.

243 678 365 739 Omnino
392 681 485 738 Varro
520 684 549 737 et
584 681 632 751 qui
665 679 809 750 antiquam
838 680 1033 748 Romanorum
1061 682 1242 754 disciplinam
1274 691 1304 744 et

164 796 258 840 mores
273 779 484 839 venerabantur
505 785 534 838 et
549 779 690 850 colebant,
713 795 778 837 curn
800 796 836 838 er
854 779 977 866 Graecia
999 798 1054 840 non
1077 782 1168 841 solum
1188 784 1301 844 litteras

163 887 193 939 et
216 886 294 938 artes
315 879 367 938 sed
388 868 473 938 etiam
485 879 636 937 mollitiem
658 885 687 937 et
708 881 806 940 luxum
826 881 857 938 in
878 881 1021 949 civitatem
1036 884 1196 941 Romanam
1211 885 1303 957 irrep·
1342 907 1345 922 ·

158 977 229 1040 sisse
250 981 400 1048 sentirent,
422 995 479 1036 une
498 994 564 1036 cum
593 981 733 1038 maiorum
762 981 874 1039 vivendi
907 983 1020 1040 ratione
1048 984 1134 1042 etiam
1155 973 1303 1057 antiquum

159 1081 272 1139 dicendi
293 1097 400 1138 morem
428 1081 519 1152 magis
540 1081 686 1152 magisque
715 1096 884 1139 evanescere
912 1085 1074 1156 aegerrime
1103 1082 1237 1144 ferebant
1263 1090 1301 1160 et,

158 1187 297 1252 quantum
311 1198 365 1252 per
388 1197 418 1238 se
439 1181 516 1252 ipsos
538 1178 653 1248 licebat,
676 1181 817 1238 maiorum
839 1182 1077 1242 consuetudinem
1097 1184 1223 1242 retinere
1243 1188 1302 1242 stu-

160 1279 276 1338 dabant.
321 1279 383 1351 Qua
404 1280 433 1336 iu
455 1295 488 1336 re
510 1278 579 1336 illud
602 1277 718 1338 Catonis
740 1279 775 1337 de
798 1275 909 1352 graecis
929 1282 1034 1340 litteris
1055 1283 1189 1342 iudicium
1211 1289 1301 1354 extat,

158 1379 236 1452 quod
256 1383 410 1438 memoriae
431 1379 553 1437 tradidit
573 1377 647 1435 Plin.
670 1377 707 1436 H.
722 1378 757 1434 N.
774 1381 823 1448 29,
847 1373 904 1456 (7),
929 1385 965 1438 14
987 1373 1224 1455 ‘quandocunque
1245 1384 1302 1442 ista

159 1496 230 1552 gens
250 1496 314 1538 suas
335 1480 446 1537 litteras
467 1479 554 1550 dabit,
585 1463 681 1536 omnia
702 1471 884 1550 corrumpet',
918 1487 951 1538 ut
972 1483 1111 1555 omittam,
1147 1484 1222 1556 quod
1242 1485 1303 1557 ipse

160 1559 290 1638 Lucilius
305 1579 339 1636 de
355 1580 449 1636 nimiis
458 1595 579 1652 graecae
594 1579 755 1652 elegantiae
769 1579 961 1638 imitatoribus
972 1582 1093 1654 protulit
1107 1575 1160 1656 (of.
1173 1574 1303 1640 Bostar-

162 1671 244 1734 ceca
266 1676 405 1751 Philolog.
427 1679 543 1736 XXXII
574 1681 651 1738 1872
674 1697 702 1751 p.
727 1675 812 1754 691).
859 1680 955 1750 Quare
982 1698 1047 1740 cum
1075 1684 1238 1755 aequalium
1259 1686 1303 1741 ni·

162 1779 249 1836 unum
270 1779 393 1836 novandi
421 1778 545 1836 studium
573 1779 718 1837 fastidiret
744 1795 836 1852 neque
864 1787 960 1838 tamen
990 1797 1060 1852 pree
1088 1780 1229 1840 doctrina'
1252 1799 1304 1842 sua

161 1884 193 1936 et
214 1879 419 1952 grammaticae
442 1880 605 1953 cognitione
626 1880 710 1953 plane
731 1881 883 1954 neglegere
903 1887 1009 1954 posset.
1025 1876 1049 1955 ¹)
1087 1882 1207 1952 contigit
1228 1881 1303 1946 Var-

161 1980 234 2048 roni,
263 1983 296 2036 ut
318 1980 411 2036 orotio
432 1981 513 2037 varia
535 1983 564 2036 et
584 1981 750 2037 inconstans
764 1980 910 2038 videretur
931 1985 960 2038 et
980 1981 1123 2052 permulta
1143 1983 1304 2041 contineret

160 2080 279 2150 propria
300 2079 415 2152 linguae
435 2079 547 2151 priscae
569 2083 598 2137 et
619 2079 756 2137 sermonis
777 2080 929 2164 cotidiani,
945 2097 981 2137 ex
1002 2097 1058 2154 quo
1072 2083 1220 2151 paullatim
1241 2099 1303 2141 eer-

160 2177 197 2234 tis
231 2177 342 2260 legibus
382 2178 547 2249 syntecticis
578 2180 740 2237 constitutis
776 2186 805 2238 et
835 2179 979 2240 vocabulis
1018 2180 1184 2256 diligentius
1206 2183 1304 2248 electis

159 2292 255 2362 sermo
278 2271 406 2336 urbanus
428 2278 603 2351 emergebat.

233 2527 252 2594 ¹)
272 2529 366 2578 Mirum
385 2530 492 2579 videtur
519 2529 672 2592 Varronem,
693 2533 738 2596 qni
761 2539 889 2598 quantum
916 2533 970 2582 heri
989 2534 1076 2596 potuit
1098 2533 1243 2600 priscorum
1262 2535 1302 2585 di·

157 2617 237 2666 cendi
255 2633 353 2667 morem
371 2619 498 2682 sequitur,
516 2619 544 2666 in
562 2634 715 2682 graecorum
735 2619 927 2670 vocabulorum
945 2619 1124 2670 declinatione
1141 2621 1180 2670 ita
1191 2626 1301 2686 versari,

160 2709 189 2752 ut
206 2718 315 2769 graecas
338 2705 537 2754 terminationes
563 2704 636 2754 velut
653 2705 801 2762 ornithone,
820 2703 962 2764 Helicona,
990 2703 1124 2768 lampado,
1150 2707 1300 2758 schemeses

159 2792 250 2840 latinis
262 2789 340 2854 longe
352 2791 505 2854 praeferret,
526 2805 583 2840 cum
599 2792 656 2856 ipse
666 2788 758 2842 Cicero
771 2791 946 2840 inclinatione
958 2791 1103 2841 voluntatis
1115 2793 1143 2840 in
1156 2796 1301 2858 priscorum

158 2892 243 2941 genus
271 2877 377 2926 dicendi
403 2877 420 2924 i.
441 2892 463 2926 e.
482 2879 509 2925 in
530 2891 607 2926 usum
634 2877 846 2927 terminationum
872 2865 1014 2928 latinarum
1042 2877 1145 2944 graecis
1162 2879 1301 2934 vocabulis

158 2963 344 3013 adiuncterum
356 2963 542 3027 propenderet3
564 2978 615 3026 qua
635 2962 667 3012 de
685 2979 713 3013 re
732 2965 882 3014 conteratur
899 2963 1005 3014 Corseas
1017 2965 1126 3030 Ausspr.
1139 2962 1179 3015 11²
1196 2982 1222 3030 p.
1241 2969 1299 3032 816,

157 3050 207 3112 qni
234 3047 599 3113 affertPliniiverbaapud
619 3047 766 3100 charisium
785 3068 809 3115 p.
829 3051 1036 3101 peretrantes:
1064 3038 1156 3112 ‘Quam
1184 3053 1299 3102 maxime

157 3134 245 3184 vicina
265 3134 366 3189 Graeco
381 3133 483 3184 Graeca
495 3134 568 3195 dixit,
587 3142 617 3185 ut
634 3151 683 3186 uec
700 3137 841 3186 schematis
858 3138 965 3202 quidem
984 3139 1057 3188 dicat
1075 3138 1122 3189 sed
1134 3129 1299 3190 schemasis'.

159 3219 232 3271 Idem
249 3220 268 3272 I.
287 3236 309 3270 e.
328 3227 400 3271 reete
418 3221 537 3272 iudicare
555 3223 666 3290 uidetur,
686 3237 745 3272 cum
765 3223 846 3272 diest:
865 3212 957 3278 ‘Sumit
974 3227 1011 3274 ist
1029 3241 1056 3276 es
1075 3225 1218 3290 glaublicb,
1237 3225 1299 3276 dass

156 3324 188 3357 er
206 3308 311 3372 (Varro)
335 3307 417 3358 durch
441 3308 512 3358 aeine
531 3310 680 3359 Autorltaet
701 3310 776 3359 nlebt
797 3313 884 3375 wenig
909 3327 955 3359 aur
981 3312 1151 3378 Foerderung
1179 3313 1224 3362 des
1248 3311 1299 3362 Ge·

159 3393 289 3445 braucbes
303 3395 852 3462 griechischerWortformenbeigetragen
870 3397 957 3446 haben
976 3390 1053 3466 mag'.
1080 3399 1155 3448 Adde
1174 3399 1245 3464 quod
1265 3399 1297 3448 de

158 3482 209 3530 hac
226 3497 254 3530 re
273 3479 379 3531 disserit
394 3479 423 3530 0.
431 3478 525 3530 Matar
534 3481 564 3531 L.
575 3481 606 3530 b.
620 3497 645 3545 p.
659 3482 776 3531 XXXIX
790 3489 816 3532 et
825 3481 858 3530 ad
867 3483 894 3531 [h
903 3483 933 3534 L.
942 3483 972 3546 V,
986 3485 1050 3545 1223
1064 3484 1109 3550 VI,
1122 3487 1169 3550 33;
1182 3485 1242 3546 VII,
1257 3487 1296 3534 16.

227 3567 350 3618 Fortasse
373 3567 417 3616 hio
440 3569 654 3618 terminatiouum
673 3583 826 3634 graecarum
844 3584 906 3619 usus
934 3585 965 3619 eo
997 3570 1144 3634 explicatur
1162 3569 1241 3634 qued,
1269 3583 1299 3622 ut

155 3667 210 3702 non
227 3666 289 3703 raro
307 3653 357 3719 ipsi
375 3653 499 3716 solemus,
518 3655 565 3705 ubi
584 3655 666 3704 latine
686 3653 835 3713 scribimus,
854 3654 982 3720 elegantis
995 3659 1123 3706 sermonis
1134 3657 1207 3724 leges
1220 3673 1297 3710 aecu-

158 3740 288 3789 retissime
300 3754 415 3800 servare,
426 3747 517 3792 contra
528 3742 576 3790 ubi
588 3741 681 3806 lingua
692 3741 791 3790 utimur
803 3743 954 3802 vernacula,
968 3745 1056 3793 varias
1068 3757 1147 3808 saepe
1159 3744 1298 3798 admittere

154 3824 253 3876 formas
279 3841 366 3891 neque
392 3825 484 3878 eadem
511 3828 640 3895 'religione
668 3828 755 3877 omniu
780 3842 812 3876 ea
839 3829 945 3889 evitare,
973 3843 1040 3894 quae
1065 3829 1209 3880 acuitiore
1233 3831 1294 3881 stilo

154 3909 242 3961 alienu
254 3919 323 3974 sunt,
341 3915 380 3962 ita
391 3913 495 3964 videtur
504 3914 597 3979 Varro,
617 3929 668 3980 quo
687 3911 772 3976 magis
781 3913 876 3963 Italica
894 3921 1091 3965 secernerentur
1108 3931 1124 3964 a
1142 3917 1252 3968 Graecis
1270 3923 1297 3968 et

156 4000 312 4064 peregrinis,
332 3995 410 4064 qnam
428 3999 624 4066 religi0sissime
643 4013 756 4066 graecae
780 3999 889 4064 liuguae
917 4000 988 4066 leges
1011 4001 1152 4052 obseruare
1171 4003 1295 4065 voluisse,

156 4085 202 4134 ubi
226 4100 322 4150 graeca
345 4085 476 4136 vocabula
494 4089 607 4137 orationi
625 4085 767 4137 inserenda
784 4091 885 4146 essent3
913 4101 944 4136 ac
967 4089 1080 4138 sonasse
1102 4091 1203 4153 graecis
1228 4089 1304 4162 adeo·

156 4172 249 4222 litteris
267 4187 330 4222 usus
352 4179 392 4222 est
409 4176 437 4222 in
456 4174 609 4235 scribendo;
638 4175 688 4224 hoc
705 4174 793 4224 tamaii
814 4159 891 4237 ⁴quod
913 4175 1005 4226 ultime
1029 4178 1088 4226 loco
1115 4178 1193 4242 posui
1219 4192 1290 4228 uera

156 4257 259 4324 indiget
276 4261 476 4324 perquisitione.
