<?xml version="1.0" encoding="UTF-8"?>
<!DOCTYPE html PUBLIC "-//W3C//DTD XHTML 1.0 Transitional//EN"
    "http://www.w3.org/TR/xhtml1/DTD/xhtml1-transitional.dtd">
<html xmlns="http://www.w3.org/1999/xhtml" xml:lang="en" lang="en">
 <head>
  <title>
</title>
<meta http-equiv="Content-Type" content="text/html;charset=utf-8" />
  <meta name='ocr-system' content='tesseract 3.04.00' />
  <meta name='ocr-capabilities' content='ocr_page ocr_carea ocr_par ocr_line ocrx_word'/>
</head>
<body>
  <div class='ocr_page' id='page_1' title='image "./devarronianaver00stuegoog_0009.png"; bbox 0 0 2938 4832; ppageno 0'>
   <div class='ocr_carea' id='block_1_1' title="bbox 759 233 777 286">
    <p class='ocr_par' dir='ltr' id='par_1_1' title="bbox 759 233 777 286">
     <span class='ocr_line' id='line_1_1' title="bbox 759 233 777 286; baseline 0 0"><span class='ocrx_word' id='word_1_1' title='bbox 759 233 777 286; x_wconf 78' lang='lat'>4</span> 
     </span>
    </p>
   </div>
   <div class='ocr_carea' id='block_1_2' title="bbox 686 311 832 318">
    <p class='ocr_par' dir='ltr' id='par_1_2' title="bbox 686 311 832 318">
     <span class='ocr_line' id='line_1_2' title="bbox 686 311 832 318; baseline -0.007 -1"><span class='ocrx_word' id='word_1_2' title='bbox 686 311 832 318; x_wconf 48' lang='grc' dir='ltr'>*ρ’-.-</span> 
     </span>
    </p>
   </div>
   <div class='ocr_carea' id='block_1_3' title="bbox 190 427 1383 807">
    <p class='ocr_par' dir='ltr' id='par_1_3' title="bbox 190 427 1383 807">
     <span class='ocr_line' id='line_1_3' title="bbox 190 427 1332 503; baseline 0.003 -17"><span class='ocrx_word' id='word_1_3' title='bbox 190 427 317 502; x_wconf 73' lang='lat' dir='ltr'>vulgaris</span> <span class='ocrx_word' id='word_1_4' title='bbox 338 430 530 503; x_wconf 88' lang='lat' dir='ltr'>cotidianique</span> <span class='ocrx_word' id='word_1_5' title='bbox 552 432 693 489; x_wconf 91' lang='lat' dir='ltr'>sermonis</span> <span class='ocrx_word' id='word_1_6' title='bbox 716 431 804 490; x_wconf 84' lang='lat' dir='ltr'>color.</span> <span class='ocrx_word' id='word_1_7' title='bbox 829 431 876 502; x_wconf 89' lang='lat' dir='ltr'>qui</span> <span class='ocrx_word' id='word_1_8' title='bbox 897 431 971 488; x_wconf 89' lang='lat' dir='ltr'>idem</span> <span class='ocrx_word' id='word_1_9' title='bbox 992 431 1022 488; x_wconf 93' lang='lat' dir='ltr'>in</span> <span class='ocrx_word' id='word_1_10' title='bbox 1044 431 1140 490; x_wconf 90' lang='lat' dir='ltr'>Plauti</span> <span class='ocrx_word' id='word_1_11' title='bbox 1161 437 1190 489; x_wconf 91' lang='lat' dir='ltr'>et</span> <span class='ocrx_word' id='word_1_12' title='bbox 1205 432 1332 492; x_wconf 82' lang='lat' dir='ltr'><strong>Terentii</strong></span> 
     </span>
     <span class='ocr_line' id='line_1_4' title="bbox 192 507 1334 606; baseline 0.003 -20"><span class='ocrx_word' id='word_1_13' title='bbox 192 527 294 588; x_wconf 87' lang='lat' dir='ltr'>fabulis</span> <span class='ocrx_word' id='word_1_14' title='bbox 314 535 447 605; x_wconf 85' lang='lat' dir='ltr'>apparet,</span> <span class='ocrx_word' id='word_1_15' title='bbox 463 530 559 588; x_wconf 89' lang='lat' dir='ltr'>multis</span> <span class='ocrx_word' id='word_1_16' title='bbox 572 531 642 589; x_wconf 89' lang='lat' dir='ltr'>locis</span> <span class='ocrx_word' id='word_1_17' title='bbox 659 531 761 590; x_wconf 90' lang='lat' dir='ltr'>lectori</span> <span class='ocrx_word' id='word_1_18' title='bbox 777 507 902 588; x_wconf 75' lang='lat' dir='ltr'>occurrit</span> <span class='ocrx_word' id='word_1_19' title='bbox 917 528 965 603; x_wconf 87' lang='lat' dir='ltr'>(cf.</span> <span class='ocrx_word' id='word_1_20' title='bbox 983 522 1153 588; x_wconf 80' lang='lat' dir='ltr'>Mommsen</span> <span class='ocrx_word' id='word_1_21' title='bbox 1168 531 1206 588; x_wconf 91' lang='lat' dir='ltr'>H.</span> <span class='ocrx_word' id='word_1_22' title='bbox 1222 531 1257 588; x_wconf 87' lang='lat' dir='ltr'>R.</span> <span class='ocrx_word' id='word_1_23' title='bbox 1272 531 1334 606; x_wconf 58' lang='grc' dir='ltr'>111ὅ</span> 
     </span>
     <span class='ocr_line' id='line_1_5' title="bbox 193 622 1358 707; baseline 0.003 -21"><span class='ocrx_word' id='word_1_24' title='bbox 193 630 268 700; x_wconf 78' lang='lat'>5613</span> <span class='ocrx_word' id='word_1_25' title='bbox 304 631 380 702; x_wconf 75' lang='lat'><strong>5663</strong></span> <span class='ocrx_word' id='word_1_26' title='bbox 411 622 491 707; x_wconf 81' lang='lat'>592)</span> <span class='ocrx_word' id='word_1_27' title='bbox 521 636 551 688; x_wconf 92' lang='lat' dir='ltr'>et</span> <span class='ocrx_word' id='word_1_28' title='bbox 577 631 752 704; x_wconf 89' lang='lat' dir='ltr'>aliquotiens·</span> <span class='ocrx_word' id='word_1_29' title='bbox 777 631 850 689; x_wconf 90' lang='lat' dir='ltr'>adeo</span> <span class='ocrx_word' id='word_1_30' title='bbox 880 647 974 690; x_wconf 89' lang='lat' dir='ltr'>sermo</span> <span class='ocrx_word' id='word_1_31' title='bbox 997 633 1123 704; x_wconf 82' lang='lat' dir='ltr'>tragicus</span> <span class='ocrx_word' id='word_1_32' title='bbox 1151 635 1358 704; x_wconf 58' lang='lat' dir='ltr'>cognoscitur</span> 
     </span>
     <span class='ocr_line' id='line_1_6' title="bbox 193 713 1383 807; baseline 0.004 -22"><span class='ocrx_word' id='word_1_33' title='bbox 193 721 295 804; x_wconf 76' lang='lat' dir='ltr'>(Riese</span> <span class='ocrx_word' id='word_1_34' title='bbox 316 729 455 788; x_wconf 80' lang='lat' dir='ltr'>Varronis</span> <span class='ocrx_word' id='word_1_35' title='bbox 483 731 652 790; x_wconf 83' lang='lat' dir='ltr'>Saturarum</span> <span class='ocrx_word' id='word_1_36' title='bbox 678 731 896 802; x_wconf 88' lang='lat' dir='ltr'>Menippearum</span> <span class='ocrx_word' id='word_1_37' title='bbox 927 729 1067 801; x_wconf 80' lang='lat' dir='ltr'>reliquiae</span> <span class='ocrx_word' id='word_1_38' title='bbox 1100 748 1147 804; x_wconf 85' lang='lat' dir='ltr'>pg.</span> <span class='ocrx_word' id='word_1_39' title='bbox 1179 735 1217 790; x_wconf 79' lang='lat'>59</span> <span class='ocrx_word' id='word_1_40' title='bbox 1246 732 1332 807; x_wconf 83' lang='lat' dir='ltr'>sqq).</span> <span class='ocrx_word' id='word_1_41' title='bbox 1380 713 1383 724; x_wconf 51' lang='lat'><em>¹</em></span> 
     </span>
    </p>
   </div>
   <div class='ocr_carea' id='block_1_4' title="bbox 152 829 1334 2304">
    <p class='ocr_par' dir='ltr' id='par_1_4' title="bbox 190 829 1332 1412">
     <span class='ocr_line' id='line_1_7' title="bbox 273 829 1331 902; baseline 0.003 -14"><span class='ocrx_word' id='word_1_42' title='bbox 273 830 331 888; x_wconf 86' lang='lat' dir='ltr'>Sed</span> <span class='ocrx_word' id='word_1_43' title='bbox 352 835 384 887; x_wconf 91' lang='lat' dir='ltr'>ut</span> <span class='ocrx_word' id='word_1_44' title='bbox 409 831 503 888; x_wconf 89' lang='lat' dir='ltr'>Varro</span> <span class='ocrx_word' id='word_1_45' title='bbox 524 830 586 902; x_wconf 90' lang='lat' dir='ltr'>ipse</span> <span class='ocrx_word' id='word_1_46' title='bbox 607 836 667 890; x_wconf 90' lang='lat' dir='ltr'>toto</span> <span class='ocrx_word' id='word_1_47' title='bbox 690 836 722 888; x_wconf 92' lang='lat' dir='ltr'>ut</span> <span class='ocrx_word' id='word_1_48' title='bbox 742 831 846 888; x_wconf 77' lang='lat' dir='ltr'>dicItur</span> <span class='ocrx_word' id='word_1_49' title='bbox 867 835 985 901; x_wconf 78' lang='lat' dir='ltr'>pectore</span> <span class='ocrx_word' id='word_1_50' title='bbox 1006 829 1166 889; x_wconf 80' lang='lat' dir='ltr'>Romanam</span> <span class='ocrx_word' id='word_1_51' title='bbox 1193 833 1331 892; x_wconf 81' lang='lat' dir='ltr'>severita-</span> 
     </span>
     <span class='ocr_line' id='line_1_8' title="bbox 190 917 1332 1006; baseline 0.005 -20"><span class='ocrx_word' id='word_1_52' title='bbox 190 933 248 988; x_wconf 87' lang='lat' dir='ltr'>tem</span> <span class='ocrx_word' id='word_1_53' title='bbox 270 943 321 987; x_wconf 83' lang='lat' dir='ltr'>suo</span> <span class='ocrx_word' id='word_1_54' title='bbox 349 917 480 1001; x_wconf 88' lang='lat' dir='ltr'>exemplo</span> <span class='ocrx_word' id='word_1_55' title='bbox 500 929 651 1001; x_wconf 85' lang='lat' dir='ltr'>prodebat,</span> <span class='ocrx_word' id='word_1_56' title='bbox 684 932 725 989; x_wconf 91' lang='lat' dir='ltr'>ita</span> <span class='ocrx_word' id='word_1_57' title='bbox 745 930 776 988; x_wconf 91' lang='lat' dir='ltr'>in</span> <span class='ocrx_word' id='word_1_58' title='bbox 797 929 928 988; x_wconf 88' lang='lat' dir='ltr'>omnibus</span> <span class='ocrx_word' id='word_1_59' title='bbox 957 932 1059 988; x_wconf 89' lang='lat' dir='ltr'>ceteris</span> <span class='ocrx_word' id='word_1_60' title='bbox 1082 932 1220 990; x_wconf 87' lang='lat' dir='ltr'>orationis</span> <span class='ocrx_word' id='word_1_61' title='bbox 1246 950 1332 1006; x_wconf 83' lang='lat' dir='ltr'>gene·</span> 
     </span>
     <span class='ocr_line' id='line_1_9' title="bbox 191 1028 1330 1101; baseline 0.004 -15"><span class='ocrx_word' id='word_1_62' title='bbox 191 1028 282 1099; x_wconf 86' lang='lat' dir='ltr'>ribus,</span> <span class='ocrx_word' id='word_1_63' title='bbox 304 1030 334 1086; x_wconf 91' lang='lat' dir='ltr'>in</span> <span class='ocrx_word' id='word_1_64' title='bbox 359 1029 459 1101; x_wconf 92' lang='lat' dir='ltr'>quibus</span> <span class='ocrx_word' id='word_1_65' title='bbox 480 1028 568 1088; x_wconf 88' lang='lat' dir='ltr'>verba</span> <span class='ocrx_word' id='word_1_66' title='bbox 588 1031 714 1089; x_wconf 90' lang='lat' dir='ltr'>numeris</span> <span class='ocrx_word' id='word_1_67' title='bbox 735 1047 792 1088; x_wconf 91' lang='lat' dir='ltr'>non</span> <span class='ocrx_word' id='word_1_68' title='bbox 814 1036 880 1088; x_wconf 92' lang='lat' dir='ltr'>sunt</span> <span class='ocrx_word' id='word_1_69' title='bbox 898 1030 1047 1098; x_wconf 89' lang='lat' dir='ltr'>adstricta,</span> <span class='ocrx_word' id='word_1_70' title='bbox 1080 1047 1143 1089; x_wconf 89' lang='lat' dir='ltr'>curu</span> <span class='ocrx_word' id='word_1_71' title='bbox 1165 1035 1279 1091; x_wconf 91' lang='lat' dir='ltr'>omnino</span> <span class='ocrx_word' id='word_1_72' title='bbox 1301 1034 1330 1091; x_wconf 92' lang='lat' dir='ltr'>id</span> 
     </span>
     <span class='ocr_line' id='line_1_10' title="bbox 191 1127 1330 1206; baseline 0.004 -20"><span class='ocrx_word' id='word_1_73' title='bbox 191 1128 269 1202; x_wconf 90' lang='lat' dir='ltr'>quod</span> <span class='ocrx_word' id='word_1_74' title='bbox 289 1129 408 1187; x_wconf 90' lang='lat' dir='ltr'>nimium</span> <span class='ocrx_word' id='word_1_75' title='bbox 430 1136 459 1187; x_wconf 91' lang='lat' dir='ltr'>et</span> <span class='ocrx_word' id='word_1_76' title='bbox 484 1129 601 1187; x_wconf 84' lang='lat' dir='ltr'>effusius</span> <span class='ocrx_word' id='word_1_77' title='bbox 629 1137 704 1189; x_wconf 91' lang='lat' dir='ltr'>esset</span> <span class='ocrx_word' id='word_1_78' title='bbox 730 1127 840 1188; x_wconf 86' lang='lat' dir='ltr'>vitabat</span> <span class='ocrx_word' id='word_1_79' title='bbox 865 1135 927 1186; x_wconf 90' lang='lat' dir='ltr'>tum</span> <span class='ocrx_word' id='word_1_80' title='bbox 948 1147 967 1188; x_wconf 94' lang='lat' dir='ltr'>a</span> <span class='ocrx_word' id='word_1_81' title='bbox 988 1131 1131 1190; x_wconf 85' lang='lat' dir='ltr'>vocabulis</span> <span class='ocrx_word' id='word_1_82' title='bbox 1159 1135 1279 1206; x_wconf 90' lang='lat' dir='ltr'>poeticis</span> <span class='ocrx_word' id='word_1_83' title='bbox 1299 1151 1330 1191; x_wconf 92' lang='lat' dir='ltr'>se</span> 
     </span>
     <span class='ocr_line' id='line_1_11' title="bbox 194 1221 1330 1305; baseline 0.002 -17"><span class='ocrx_word' id='word_1_84' title='bbox 194 1229 364 1288; x_wconf 73' lang='lat' dir='ltr'>abstinuisse</span> <span class='ocrx_word' id='word_1_85' title='bbox 391 1230 454 1302; x_wconf 91' lang='lat' dir='ltr'>ipse</span> <span class='ocrx_word' id='word_1_86' title='bbox 486 1229 617 1288; x_wconf 88' lang='lat' dir='ltr'>testatur</span> <span class='ocrx_word' id='word_1_87' title='bbox 638 1230 698 1289; x_wconf 89' lang='lat' dir='ltr'>LL.</span> <span class='ocrx_word' id='word_1_88' title='bbox 727 1231 763 1305; x_wconf 85' lang='lat' dir='ltr'>V,</span> <span class='ocrx_word' id='word_1_89' title='bbox 794 1233 811 1288; x_wconf 87' lang='grc'>9</span> <span class='ocrx_word' id='word_1_90' title='bbox 840 1221 934 1301; x_wconf 88' lang='lat' dir='ltr'>‘quom</span> <span class='ocrx_word' id='word_1_91' title='bbox 960 1231 1083 1302; x_wconf 91' lang='lat' dir='ltr'>poeticis</span> <span class='ocrx_word' id='word_1_92' title='bbox 1111 1234 1206 1291; x_wconf 92' lang='lat' dir='ltr'>multis</span> <span class='ocrx_word' id='word_1_93' title='bbox 1234 1232 1330 1291; x_wconf 88' lang='lat' dir='ltr'>verbis</span> 
     </span>
     <span class='ocr_line' id='line_1_12' title="bbox 192 1323 1256 1412; baseline 0.002 -26"><span class='ocrx_word' id='word_1_94' title='bbox 192 1330 284 1404; x_wconf 84' lang='lat' dir='ltr'>magis</span> <span class='ocrx_word' id='word_1_95' title='bbox 308 1329 435 1388; x_wconf 91' lang='lat' dir='ltr'>delecter</span> <span class='ocrx_word' id='word_1_96' title='bbox 457 1345 543 1400; x_wconf 90' lang='lat' dir='ltr'>quam</span> <span class='ocrx_word' id='word_1_97' title='bbox 564 1335 639 1412; x_wconf 77' lang='lat' dir='ltr'>utar,</span> <span class='ocrx_word' id='word_1_98' title='bbox 661 1329 784 1402; x_wconf 90' lang='lat' dir='ltr'>antiquis</span> <span class='ocrx_word' id='word_1_99' title='bbox 806 1331 896 1402; x_wconf 81' lang='lat' dir='ltr'>magis</span> <span class='ocrx_word' id='word_1_100' title='bbox 918 1334 985 1388; x_wconf 90' lang='lat' dir='ltr'>utar</span> <span class='ocrx_word' id='word_1_101' title='bbox 1008 1348 1092 1404; x_wconf 93' lang='lat' dir='ltr'>quam</span> <span class='ocrx_word' id='word_1_102' title='bbox 1114 1323 1256 1392; x_wconf 87' lang='lat' dir='ltr'>delecter&#39;.</span> 
     </span>
    </p>

    <p class='ocr_par' dir='ltr' id='par_1_5' title="bbox 152 1427 1334 2116">
     <span class='ocr_line' id='line_1_13' title="bbox 269 1427 1329 1503; baseline 0.004 -17"><span class='ocrx_word' id='word_1_103' title='bbox 269 1427 457 1501; x_wconf 84' lang='lat' dir='ltr'>¹Porro&#39;qtrod</span> <span class='ocrx_word' id='word_1_104' title='bbox 472 1429 562 1487; x_wconf 90' lang='lat' dir='ltr'>multa</span> <span class='ocrx_word' id='word_1_105' title='bbox 582 1431 611 1486; x_wconf 95' lang='lat' dir='ltr'>in</span> <span class='ocrx_word' id='word_1_106' title='bbox 627 1427 764 1488; x_wconf 84' lang='lat' dir='ltr'>Varronis</span> <span class='ocrx_word' id='word_1_107' title='bbox 785 1430 909 1488; x_wconf 81' lang='lat' dir='ltr'>dictione</span> <span class='ocrx_word' id='word_1_108' title='bbox 923 1447 942 1488; x_wconf 84' lang='lat' dir='ltr'>a</span> <span class='ocrx_word' id='word_1_109' title='bbox 954 1433 1164 1490; x_wconf 90' lang='lat' dir='ltr'>sententiarum</span> <span class='ocrx_word' id='word_1_110' title='bbox 1179 1448 1290 1490; x_wconf 84' lang='lat' dir='ltr'>conexu</span> <span class='ocrx_word' id='word_1_111' title='bbox 1299 1427 1329 1503; x_wconf 86' lang='lat'>¹)</span> 
     </span>
     <span class='ocr_line' id='line_1_14' title="bbox 191 1529 1328 1614; baseline 0.005 -29"><span class='ocrx_word' id='word_1_112' title='bbox 191 1532 221 1614; x_wconf 80' lang='lat' dir='ltr'>ct</span> <span class='ocrx_word' id='word_1_113' title='bbox 243 1543 261 1587; x_wconf 86' lang='lat' dir='ltr'>a</span> <span class='ocrx_word' id='word_1_114' title='bbox 283 1529 459 1601; x_wconf 79' lang='lat' dir='ltr'>singulorum</span> <span class='ocrx_word' id='word_1_115' title='bbox 480 1529 629 1588; x_wconf 87' lang='lat' dir='ltr'>verborum</span> <span class='ocrx_word' id='word_1_116' title='bbox 650 1546 702 1588; x_wconf 93' lang='lat' dir='ltr'>usu</span> <span class='ocrx_word' id='word_1_117' title='bbox 723 1535 753 1588; x_wconf 91' lang='lat' dir='ltr'>et</span> <span class='ocrx_word' id='word_1_118' title='bbox 765 1529 945 1602; x_wconf 84' lang='lat' dir='ltr'>formatione,</span> <span class='ocrx_word' id='word_1_119' title='bbox 968 1547 1053 1603; x_wconf 89' lang='lat' dir='ltr'>quam</span> <span class='ocrx_word' id='word_1_120' title='bbox 1067 1532 1235 1590; x_wconf 76' lang='lat' dir='ltr'>recentioris</span> <span class='ocrx_word' id='word_1_121' title='bbox 1256 1538 1328 1591; x_wconf 92' lang='lat' dir='ltr'>tem-</span> 
     </span>
     <span class='ocr_line' id='line_1_15' title="bbox 191 1630 1331 1704; baseline 0.003 -16"><span class='ocrx_word' id='word_1_122' title='bbox 191 1630 271 1700; x_wconf 89' lang='lat' dir='ltr'>poris</span> <span class='ocrx_word' id='word_1_123' title='bbox 295 1631 452 1702; x_wconf 84' lang='lat' dir='ltr'>scriptores</span> <span class='ocrx_word' id='word_1_124' title='bbox 485 1637 652 1702; x_wconf 90' lang='lat' dir='ltr'>sequuntur,</span> <span class='ocrx_word' id='word_1_125' title='bbox 679 1630 782 1688; x_wconf 88' lang='lat' dir='ltr'>aliena</span> <span class='ocrx_word' id='word_1_126' title='bbox 809 1632 914 1702; x_wconf 91' lang='lat' dir='ltr'>insunt,</span> <span class='ocrx_word' id='word_1_127' title='bbox 946 1631 1093 1703; x_wconf 80' lang='lat' dir='ltr'>idolique</span> <span class='ocrx_word' id='word_1_128' title='bbox 1121 1647 1156 1688; x_wconf 86' lang='lat' dir='ltr'>ex</span> <span class='ocrx_word' id='word_1_129' title='bbox 1183 1638 1267 1704; x_wconf 87' lang='lat' dir='ltr'>parte</span> <span class='ocrx_word' id='word_1_130' title='bbox 1296 1649 1331 1691; x_wconf 91' lang='lat' dir='ltr'>eo</span> 
     </span>
     <span class='ocr_line' id='line_1_16' title="bbox 152 1726 1334 1805; baseline 0.003 -19"><span class='ocrx_word' id='word_1_131' title='bbox 152 1748 154 1754; x_wconf 94' lang='lat'>·</span> <span class='ocrx_word' id='word_1_132' title='bbox 194 1726 367 1800; x_wconf 85' lang='lat' dir='ltr'>explicatur,</span> <span class='ocrx_word' id='word_1_133' title='bbox 389 1729 465 1801; x_wconf 90' lang='lat' dir='ltr'>quod</span> <span class='ocrx_word' id='word_1_134' title='bbox 487 1729 580 1788; x_wconf 88' lang='lat' dir='ltr'>Varro</span> <span class='ocrx_word' id='word_1_135' title='bbox 601 1731 755 1802; x_wconf 81' lang='lat' dir='ltr'>praecipue</span> <span class='ocrx_word' id='word_1_136' title='bbox 775 1731 804 1787; x_wconf 94' lang='lat' dir='ltr'>in</span> <span class='ocrx_word' id='word_1_137' title='bbox 826 1732 988 1802; x_wconf 88' lang='lat' dir='ltr'>priscorum</span> <span class='ocrx_word' id='word_1_138' title='bbox 1003 1731 1177 1803; x_wconf 89' lang='lat' dir='ltr'>scriptorum</span> <span class='ocrx_word' id='word_1_139' title='bbox 1198 1731 1334 1805; x_wconf 85' lang='lat' dir='ltr'>operibns</span> 
     </span>
     <span class='ocr_line' id='line_1_17' title="bbox 191 1828 1328 1903; baseline 0.005 -17"><span class='ocrx_word' id='word_1_140' title='bbox 191 1828 372 1903; x_wconf 79' lang='lat' dir='ltr'>perlegendis</span> <span class='ocrx_word' id='word_1_141' title='bbox 393 1835 422 1888; x_wconf 93' lang='lat' dir='ltr'>et</span> <span class='ocrx_word' id='word_1_142' title='bbox 437 1831 562 1902; x_wconf 88' lang='lat' dir='ltr'>antiquis</span> <span class='ocrx_word' id='word_1_143' title='bbox 581 1831 681 1903; x_wconf 91' lang='lat' dir='ltr'>populi</span> <span class='ocrx_word' id='word_1_144' title='bbox 699 1829 822 1888; x_wconf 88' lang='lat' dir='ltr'>Romani</span> <span class='ocrx_word' id='word_1_145' title='bbox 843 1829 1023 1903; x_wconf 88' lang='lat' dir='ltr'>temporibus</span> <span class='ocrx_word' id='word_1_146' title='bbox 1043 1831 1223 1902; x_wconf 87' lang='lat' dir='ltr'>inquirendis</span> <span class='ocrx_word' id='word_1_147' title='bbox 1245 1847 1328 1892; x_wconf 91' lang='lat' dir='ltr'>occu·</span> 
     </span>
     <span class='ocr_line' id='line_1_18' title="bbox 191 1923 1331 2004; baseline 0.002 -16"><span class='ocrx_word' id='word_1_148' title='bbox 191 1935 277 2002; x_wconf 92' lang='lat' dir='ltr'>patus</span> <span class='ocrx_word' id='word_1_149' title='bbox 297 1931 393 2003; x_wconf 92' lang='lat' dir='ltr'>potius</span> <span class='ocrx_word' id='word_1_150' title='bbox 414 1930 573 2004; x_wconf 90' lang='lat' dir='ltr'>priscorum</span> <span class='ocrx_word' id='word_1_151' title='bbox 593 1928 707 1989; x_wconf 83' lang='lat' dir='ltr'>dicendi</span> <span class='ocrx_word' id='word_1_152' title='bbox 726 1947 833 1989; x_wconf 89' lang='lat' dir='ltr'>morem</span> <span class='ocrx_word' id='word_1_153' title='bbox 854 1923 1020 1990; x_wconf 87' lang='lat' dir='ltr'>imitabatur</span> <span class='ocrx_word' id='word_1_154' title='bbox 1053 1938 1137 2002; x_wconf 83' lang='lat' dir='ltr'>quam</span> <span class='ocrx_word' id='word_1_155' title='bbox 1170 1933 1331 2004; x_wconf 87' lang='lat' dir='ltr'>aequalium</span> 
     </span>
     <span class='ocr_line' id='line_1_19' title="bbox 193 2029 1248 2116; baseline -0.001 -27"><span class='ocrx_word' id='word_1_156' title='bbox 193 2029 321 2103; x_wconf 88' lang='lat' dir='ltr'>exemplo</span> <span class='ocrx_word' id='word_1_157' title='bbox 342 2030 379 2088; x_wconf 89' lang='lat' dir='ltr'>ad</span> <span class='ocrx_word' id='word_1_158' title='bbox 400 2047 489 2090; x_wconf 90' lang='lat' dir='ltr'>novas</span> <span class='ocrx_word' id='word_1_159' title='bbox 511 2031 625 2104; x_wconf 83' lang='lat' dir='ltr'>linguae</span> <span class='ocrx_word' id='word_1_160' title='bbox 646 2031 724 2104; x_wconf 84' lang='lat' dir='ltr'>leges</span> <span class='ocrx_word' id='word_1_161' title='bbox 745 2047 775 2088; x_wconf 91' lang='lat' dir='ltr'>se</span> <span class='ocrx_word' id='word_1_162' title='bbox 798 2030 972 2104; x_wconf 89' lang='lat' dir='ltr'>applicabat.</span> <span class='ocrx_word' id='word_1_163' title='bbox 1243 2102 1248 2116; x_wconf 85' lang='lat'>.</span> 
     </span>
    </p>

    <p class='ocr_par' dir='ltr' id='par_1_6' title="bbox 193 2128 1330 2304">
     <span class='ocr_line' id='line_1_20' title="bbox 276 2128 1330 2204; baseline 0.003 -18"><span class='ocrx_word' id='word_1_164' title='bbox 276 2128 473 2200; x_wconf 78' lang='lat' dir='ltr'>Quinetiam</span> <span class='ocrx_word' id='word_1_165' title='bbox 499 2132 623 2189; x_wconf 88' lang='lat' dir='ltr'>studium</span> <span class='ocrx_word' id='word_1_166' title='bbox 648 2130 727 2202; x_wconf 88' lang='lat' dir='ltr'>illud,</span> <span class='ocrx_word' id='word_1_167' title='bbox 756 2148 811 2203; x_wconf 94' lang='lat' dir='ltr'>quo</span> <span class='ocrx_word' id='word_1_168' title='bbox 838 2131 968 2204; x_wconf 84' lang='lat' dir='ltr'>linguam</span> <span class='ocrx_word' id='word_1_169' title='bbox 989 2147 1008 2189; x_wconf 93' lang='lat' dir='ltr'>a</span> <span class='ocrx_word' id='word_1_170' title='bbox 1033 2130 1164 2203; x_wconf 89' lang='lat' dir='ltr'>patribus</span> <span class='ocrx_word' id='word_1_171' title='bbox 1193 2131 1330 2191; x_wconf 90' lang='lat' dir='ltr'>traditam</span> 
     </span>
     <span class='ocr_line' id='line_1_21' title="bbox 193 2230 1329 2304; baseline -0.002 -15"><span class='ocrx_word' id='word_1_172' title='bbox 193 2233 369 2290; x_wconf 89' lang='lat' dir='ltr'>commutare</span> <span class='ocrx_word' id='word_1_173' title='bbox 383 2235 523 2288; x_wconf 84' lang='lat' dir='ltr'>conentur</span> <span class='ocrx_word' id='word_1_174' title='bbox 532 2231 712 2301; x_wconf 89' lang='lat' dir='ltr'>recentiores,</span> <span class='ocrx_word' id='word_1_175' title='bbox 735 2246 792 2288; x_wconf 94' lang='lat' dir='ltr'>non</span> <span class='ocrx_word' id='word_1_176' title='bbox 804 2231 867 2289; x_wconf 91' lang='lat' dir='ltr'>sine</span> <span class='ocrx_word' id='word_1_177' title='bbox 883 2232 1040 2291; x_wconf 90' lang='lat' dir='ltr'>acerbitate</span> <span class='ocrx_word' id='word_1_178' title='bbox 1056 2234 1179 2304; x_wconf 84' lang='lat' dir='ltr'>castigat</span> <span class='ocrx_word' id='word_1_179' title='bbox 1188 2231 1283 2290; x_wconf 89' lang='lat' dir='ltr'>Varro</span> <span class='ocrx_word' id='word_1_180' title='bbox 1293 2230 1329 2288; x_wconf 88' lang='lat' dir='ltr'>R.</span> 
     </span>
    </p>
   </div>
   <div class='ocr_carea' id='block_1_5' title="bbox 184 2475 1337 4268">
    <p class='ocr_par' dir='ltr' id='par_1_7' title="bbox 184 2475 1337 4268">
     <span class='ocr_line' id='line_1_22' title="bbox 264 2475 1331 2542; baseline -0.007 -11"><span class='ocrx_word' id='word_1_181' title='bbox 264 2478 285 2542; x_wconf 84' lang='lat'>¹)</span> <span class='ocrx_word' id='word_1_182' title='bbox 303 2482 399 2531; x_wconf 87' lang='lat' dir='ltr'>Moneo</span> <span class='ocrx_word' id='word_1_183' title='bbox 423 2479 559 2530; x_wconf 86' lang='lat' dir='ltr'>interdum</span> <span class='ocrx_word' id='word_1_184' title='bbox 587 2480 659 2530; x_wconf 84' lang='lat' dir='ltr'>viros</span> <span class='ocrx_word' id='word_1_185' title='bbox 684 2477 788 2539; x_wconf 85' lang='lat' dir='ltr'>doctos,</span> <span class='ocrx_word' id='word_1_186' title='bbox 812 2480 868 2528; x_wconf 74' lang='lat' dir='ltr'>sive</span> <span class='ocrx_word' id='word_1_187' title='bbox 896 2479 992 2528; x_wconf 88' lang='lat' dir='ltr'>misera</span> <span class='ocrx_word' id='word_1_188' title='bbox 1016 2485 1155 2530; x_wconf 88' lang='lat' dir='ltr'>contextus</span> <span class='ocrx_word' id='word_1_189' title='bbox 1173 2475 1331 2528; x_wconf 85' lang='lat' dir='ltr'>Varroniani</span> 
     </span>
     <span class='ocr_line' id='line_1_23' title="bbox 195 2565 1337 2629; baseline -0.001 -13"><span class='ocrx_word' id='word_1_190' title='bbox 195 2566 317 2618; x_wconf 83' lang='lat' dir='ltr'>condicio</span> <span class='ocrx_word' id='word_1_191' title='bbox 341 2568 396 2618; x_wconf 87' lang='lat' dir='ltr'>sive</span> <span class='ocrx_word' id='word_1_192' title='bbox 422 2565 489 2616; x_wconf 86' lang='lat' dir='ltr'>salsa</span> <span class='ocrx_word' id='word_1_193' title='bbox 507 2565 647 2616; x_wconf 85' lang='lat' dir='ltr'>verborum</span> <span class='ocrx_word' id='word_1_194' title='bbox 667 2565 845 2629; x_wconf 85' lang='lat' dir='ltr'>interpretatio</span> <span class='ocrx_word' id='word_1_195' title='bbox 864 2577 944 2613; x_wconf 90' lang='lat' dir='ltr'>causa</span> <span class='ocrx_word' id='word_1_196' title='bbox 963 2565 1159 2622; x_wconf 80' lang='lat' dir='ltr'>erat,.Varroni</span> <span class='ocrx_word' id='word_1_197' title='bbox 1177 2565 1257 2614; x_wconf 88' lang='lat' dir='ltr'>nimis</span> <span class='ocrx_word' id='word_1_198' title='bbox 1275 2578 1337 2615; x_wconf 75' lang='lat' dir='ltr'>vas:</span> 
     </span>
     <span class='ocr_line' id='line_1_24' title="bbox 195 2647 1330 2719; baseline -0.004 -17"><span class='ocrx_word' id='word_1_199' title='bbox 195 2661 251 2704; x_wconf 90' lang='lat' dir='ltr'>tum</span> <span class='ocrx_word' id='word_1_200' title='bbox 277 2663 305 2704; x_wconf 90' lang='lat' dir='ltr'>ct</span> <span class='ocrx_word' id='word_1_201' title='bbox 323 2652 490 2703; x_wconf 85' lang='lat' dir='ltr'>inconditum</span> <span class='ocrx_word' id='word_1_202' title='bbox 514 2653 618 2702; x_wconf 88' lang='lat' dir='ltr'>dicendi</span> <span class='ocrx_word' id='word_1_203' title='bbox 644 2667 727 2719; x_wconf 85' lang='lat' dir='ltr'>genus</span> <span class='ocrx_word' id='word_1_204' title='bbox 745 2652 901 2700; x_wconf 84' lang='lat' dir='ltr'>inculcasse.</span> <span class='ocrx_word' id='word_1_205' title='bbox 942 2647 979 2699; x_wconf 81' lang='lat' dir='ltr'>Ut</span> <span class='ocrx_word' id='word_1_206' title='bbox 1006 2663 1088 2698; x_wconf 85' lang='lat' dir='ltr'>unum</span> <span class='ocrx_word' id='word_1_207' title='bbox 1117 2659 1142 2698; x_wconf 88' lang='lat' dir='ltr'>et</span> <span class='ocrx_word' id='word_1_208' title='bbox 1166 2649 1330 2713; x_wconf 85' lang='lat' dir='ltr'>praeclarum</span> 
     </span>
     <span class='ocr_line' id='line_1_25' title="bbox 184 2735 1332 2804; baseline -0.006 -15"><span class='ocrx_word' id='word_1_209' title='bbox 184 2739 307 2804; x_wconf 79' lang='lat' dir='ltr'>&#39;seligam</span> <span class='ocrx_word' id='word_1_210' title='bbox 333 2738 496 2802; x_wconf 81' lang='lat' dir='ltr'>exemplum,</span> <span class='ocrx_word' id='word_1_211' title='bbox 520 2754 552 2786; x_wconf 75' lang='lat' dir='ltr'>ex</span> <span class='ocrx_word' id='word_1_212' title='bbox 582 2753 633 2802; x_wconf 90' lang='lat' dir='ltr'>qno</span> <span class='ocrx_word' id='word_1_213' title='bbox 657 2738 835 2800; x_wconf 81' lang='lat' dir='ltr'>intellegatur,</span> <span class='ocrx_word' id='word_1_214' title='bbox 862 2742 961 2800; x_wconf 88' lang='lat' dir='ltr'>quanta</span> <span class='ocrx_word' id='word_1_215' title='bbox 979 2739 1066 2786; x_wconf 89' lang='lat' dir='ltr'>cautio</span> <span class='ocrx_word' id='word_1_216' title='bbox 1085 2735 1237 2786; x_wconf 85' lang='lat' dir='ltr'>adhibenda</span> <span class='ocrx_word' id='word_1_217' title='bbox 1254 2737 1332 2786; x_wconf 90' lang='lat' dir='ltr'>sitin</span> 
     </span>
     <span class='ocr_line' id='line_1_26' title="bbox 195 2821 1332 2889; baseline -0.006 -15"><span class='ocrx_word' id='word_1_218' title='bbox 195 2823 372 2874; x_wconf 81' lang='lat' dir='ltr'>dliudicandis</span> <span class='ocrx_word' id='word_1_219' title='bbox 393 2825 599 2889; x_wconf 83' lang='lat' dir='ltr'>quaestionibus,</span> <span class='ocrx_word' id='word_1_220' title='bbox 624 2839 693 2888; x_wconf 88' lang='lat' dir='ltr'>quae</span> <span class='ocrx_word' id='word_1_221' title='bbox 711 2825 744 2873; x_wconf 92' lang='lat' dir='ltr'>ad</span> <span class='ocrx_word' id='word_1_222' title='bbox 759 2825 884 2873; x_wconf 84' lang='lat' dir='ltr'>Varronis</span> <span class='ocrx_word' id='word_1_223' title='bbox 903 2821 1009 2872; x_wconf 90' lang='lat' dir='ltr'>dicendi</span> <span class='ocrx_word' id='word_1_224' title='bbox 1028 2835 1113 2888; x_wconf 87' lang='lat' dir='ltr'>genus</span> <span class='ocrx_word' id='word_1_225' title='bbox 1131 2825 1260 2887; x_wconf 84' lang='lat' dir='ltr'>spectant,</span> <span class='ocrx_word' id='word_1_226' title='bbox 1278 2836 1332 2868; x_wconf 90' lang='lat' dir='ltr'>mo·</span> 
     </span>
     <span class='ocr_line' id='line_1_27' title="bbox 196 2905 1333 2975; baseline -0.004 -16"><span class='ocrx_word' id='word_1_227' title='bbox 196 2911 289 2961; x_wconf 89' lang='lat' dir='ltr'>dorum</span> <span class='ocrx_word' id='word_1_228' title='bbox 318 2910 391 2959; x_wconf 90' lang='lat' dir='ltr'>illam</span> <span class='ocrx_word' id='word_1_229' title='bbox 421 2911 646 2975; x_wconf 84' lang='lat' dir='ltr'>inaequalitatem,</span> <span class='ocrx_word' id='word_1_230' title='bbox 671 2926 748 2974; x_wconf 88' lang='lat' dir='ltr'>quam</span> <span class='ocrx_word' id='word_1_231' title='bbox 776 2907 805 2959; x_wconf 88' lang='lat'>0.</span> <span class='ocrx_word' id='word_1_232' title='bbox 823 2908 929 2959; x_wconf 79' lang='lat' dir='ltr'>Mueller</span> <span class='ocrx_word' id='word_1_233' title='bbox 956 2908 989 2958; x_wconf 93' lang='lat' dir='ltr'>ad</span> <span class='ocrx_word' id='word_1_234' title='bbox 1008 2909 1038 2958; x_wconf 88' lang='lat'>1..</span> <span class='ocrx_word' id='word_1_235' title='bbox 1066 2909 1094 2958; x_wconf 84' lang='lat' dir='ltr'>i..</span> <span class='ocrx_word' id='word_1_236' title='bbox 1115 2908 1161 2970; x_wconf 83' lang='lat' dir='ltr'>vi,</span> <span class='ocrx_word' id='word_1_237' title='bbox 1180 2905 1333 2957; x_wconf 60' lang='grc'><strong>8281111-</strong></span> 
     </span>
     <span class='ocr_line' id='line_1_28' title="bbox 196 2993 1333 3068; baseline -0.004 -22"><span class='ocrx_word' id='word_1_238' title='bbox 196 3013 267 3068; x_wconf 85' lang='lat' dir='ltr'>rone¹</span> <span class='ocrx_word' id='word_1_239' title='bbox 283 3000 321 3046; x_wconf 86' lang='lat' dir='ltr'>ita</span> <span class='ocrx_word' id='word_1_240' title='bbox 345 2997 487 3046; x_wconf 88' lang='lat' dir='ltr'>admissam</span> <span class='ocrx_word' id='word_1_241' title='bbox 510 3013 567 3046; x_wconf 87' lang='lat' dir='ltr'>esse</span> <span class='ocrx_word' id='word_1_242' title='bbox 598 2998 750 3060; x_wconf 87' lang='lat' dir='ltr'>contendit,</span> <span class='ocrx_word' id='word_1_243' title='bbox 783 3009 811 3046; x_wconf 90' lang='lat' dir='ltr'>ut</span> <span class='ocrx_word' id='word_1_244' title='bbox 837 2999 864 3046; x_wconf 92' lang='lat' dir='ltr'>iu</span> <span class='ocrx_word' id='word_1_245' title='bbox 891 3011 945 3045; x_wconf 87' lang='lat' dir='ltr'>una</span> <span class='ocrx_word' id='word_1_246' title='bbox 971 2994 1117 3060; x_wconf 88' lang='lat' dir='ltr'>eademque</span> <span class='ocrx_word' id='word_1_247' title='bbox 1148 2993 1333 3044; x_wconf 86' lang='lat' dir='ltr'>enuntiatione</span> 
     </span>
     <span class='ocr_line' id='line_1_29' title="bbox 197 3079 1333 3148; baseline -0.006 -16"><span class='ocrx_word' id='word_1_248' title='bbox 197 3083 307 3134; x_wconf 90' lang='lat' dir='ltr'>duorum</span> <span class='ocrx_word' id='word_1_249' title='bbox 330 3083 471 3133; x_wconf 76' lang='lat' dir='ltr'>verborum</span> <span class='ocrx_word' id='word_1_250' title='bbox 496 3087 529 3134; x_wconf 85' lang='lat' dir='ltr'>ab</span> <span class='ocrx_word' id='word_1_251' title='bbox 553 3081 644 3132; x_wconf 88' lang='lat' dir='ltr'>eadem</span> <span class='ocrx_word' id='word_1_252' title='bbox 663 3082 791 3148; x_wconf 87' lang='lat' dir='ltr'>particula</span> <span class='ocrx_word' id='word_1_253' title='bbox 816 3082 990 3147; x_wconf 87' lang='lat' dir='ltr'>pendentium</span> <span class='ocrx_word' id='word_1_254' title='bbox 1009 3083 1119 3132; x_wconf 88' lang='lat' dir='ltr'>alterum</span> <span class='ocrx_word' id='word_1_255' title='bbox 1137 3080 1276 3130; x_wconf 80' lang='lat' dir='ltr'>indicativi</span> <span class='ocrx_word' id='word_1_256' title='bbox 1295 3079 1333 3126; x_wconf 88' lang='lat' dir='ltr'>al-</span> 
     </span>
     <span class='ocr_line' id='line_1_30' title="bbox 196 3156 1332 3232; baseline -0.008 -13"><span class='ocrx_word' id='word_1_257' title='bbox 196 3180 281 3219; x_wconf 85' lang='lat' dir='ltr'>tarum</span> <span class='ocrx_word' id='word_1_258' title='bbox 301 3171 463 3220; x_wconf 85' lang='lat' dir='ltr'>coniunctivi</span> <span class='ocrx_word' id='word_1_259' title='bbox 476 3170 586 3219; x_wconf 86' lang='lat' dir='ltr'>formam</span> <span class='ocrx_word' id='word_1_260' title='bbox 599 3169 728 3231; x_wconf 88' lang='lat' dir='ltr'>indueret,</span> <span class='ocrx_word' id='word_1_261' title='bbox 747 3169 821 3219; x_wconf 85' lang='lat' dir='ltr'>velut</span> <span class='ocrx_word' id='word_1_262' title='bbox 832 3171 860 3218; x_wconf 91' lang='lat' dir='ltr'>L.</span> <span class='ocrx_word' id='word_1_263' title='bbox 876 3171 907 3219; x_wconf 87' lang='lat' dir='ltr'>L.</span> <span class='ocrx_word' id='word_1_264' title='bbox 920 3170 965 3232; x_wconf 89' lang='lat' dir='ltr'>VI,</span> <span class='ocrx_word' id='word_1_265' title='bbox 985 3171 1017 3218; x_wconf 85' lang='grc'>96</span> <span class='ocrx_word' id='word_1_266' title='bbox 1037 3156 1111 3218; x_wconf 81' lang='lat' dir='ltr'>‘Cum</span> <span class='ocrx_word' id='word_1_267' title='bbox 1127 3181 1180 3215; x_wconf 90' lang='lat' dir='ltr'>non</span> <span class='ocrx_word' id='word_1_268' title='bbox 1199 3165 1332 3214; x_wconf 86' lang='lat' dir='ltr'>adesset</span> 
     </span>
     <span class='ocr_line' id='line_1_31' title="bbox 198 3234 1335 3320; baseline -0.006 -16"><span class='ocrx_word' id='word_1_269' title='bbox 198 3262 222 3304; x_wconf 91' lang='lat' dir='ltr'>et</span> <span class='ocrx_word' id='word_1_270' title='bbox 241 3255 309 3306; x_wconf 86' lang='lat' dir='ltr'>nibil</span> <span class='ocrx_word' id='word_1_271' title='bbox 326 3248 497 3305; x_wconf 85' lang='lat' dir='ltr'>intererat&#39;</span> <span class='ocrx_word' id='word_1_272' title='bbox 517 3265 542 3305; x_wconf 91' lang='lat' dir='ltr'>et</span> <span class='ocrx_word' id='word_1_273' title='bbox 559 3255 606 3318; x_wconf 88' lang='lat' dir='ltr'>IX,</span> <span class='ocrx_word' id='word_1_274' title='bbox 628 3260 659 3306; x_wconf 88' lang='lat'>10</span> <span class='ocrx_word' id='word_1_275' title='bbox 679 3241 756 3320; x_wconf 76' lang='lat' dir='ltr'>&#39;quod</span> <span class='ocrx_word' id='word_1_276' title='bbox 774 3255 890 3305; x_wconf 87' lang='lat' dir='ltr'>noudum</span> <span class='ocrx_word' id='word_1_277' title='bbox 909 3263 958 3303; x_wconf 90' lang='lat' dir='ltr'>est</span> <span class='ocrx_word' id='word_1_278' title='bbox 985 3263 1012 3302; x_wconf 90' lang='lat' dir='ltr'>et</span> <span class='ocrx_word' id='word_1_279' title='bbox 1029 3267 1167 3318; x_wconf 87' lang='lat' dir='ltr'>perperam</span> <span class='ocrx_word' id='word_1_280' title='bbox 1186 3234 1335 3299; x_wconf 74' lang='lat' dir='ltr'>dicatur’</span> 
     </span>
     <span class='ocr_line' id='line_1_32' title="bbox 187 3336 1333 3407; baseline -0.007 -15"><span class='ocrx_word' id='word_1_281' title='bbox 187 3345 247 3394; x_wconf 86' lang='lat' dir='ltr'>eet.</span> <span class='ocrx_word' id='word_1_282' title='bbox 269 3347 316 3390; x_wconf 88' lang='lat' dir='ltr'>aut</span> <span class='ocrx_word' id='word_1_283' title='bbox 337 3349 412 3392; x_wconf 84' lang='lat' dir='ltr'>reeta</span> <span class='ocrx_word' id='word_1_284' title='bbox 433 3341 574 3392; x_wconf 81' lang='lat' dir='ltr'>verborum</span> <span class='ocrx_word' id='word_1_285' title='bbox 601 3344 815 3407; x_wconf 87' lang='lat' dir='ltr'>interpretatione</span> <span class='ocrx_word' id='word_1_286' title='bbox 846 3348 891 3391; x_wconf 87' lang='lat' dir='ltr'>aut</span> <span class='ocrx_word' id='word_1_287' title='bbox 913 3339 1051 3390; x_wconf 87' lang='lat' dir='ltr'>emendata</span> <span class='ocrx_word' id='word_1_288' title='bbox 1074 3337 1196 3388; x_wconf 87' lang='lat' dir='ltr'>codicum</span> <span class='ocrx_word' id='word_1_289' title='bbox 1218 3336 1333 3386; x_wconf 87' lang='lat' dir='ltr'>lectione</span> 
     </span>
     <span class='ocr_line' id='line_1_33' title="bbox 197 3419 1333 3492; baseline -0.008 -14"><span class='ocrx_word' id='word_1_290' title='bbox 197 3427 422 3480; x_wconf 85' lang='lat' dir='ltr'>tollendamesse</span> <span class='ocrx_word' id='word_1_291' title='bbox 446 3436 516 3478; x_wconf 86' lang='lat' dir='ltr'>recte</span> <span class='ocrx_word' id='word_1_292' title='bbox 541 3436 619 3492; x_wconf 88' lang='lat' dir='ltr'>atque</span> <span class='ocrx_word' id='word_1_293' title='bbox 643 3429 780 3479; x_wconf 82' lang='lat' dir='ltr'>evidenter</span> <span class='ocrx_word' id='word_1_294' title='bbox 804 3427 919 3478; x_wconf 89' lang='lat' dir='ltr'>ostendit</span> <span class='ocrx_word' id='word_1_295' title='bbox 945 3423 971 3475; x_wconf 82' lang='lat' dir='ltr'>C.</span> <span class='ocrx_word' id='word_1_296' title='bbox 990 3424 1018 3474; x_wconf 80' lang='lat' dir='ltr'>F.</span> <span class='ocrx_word' id='word_1_297' title='bbox 1043 3425 1079 3475; x_wconf 91' lang='lat' dir='ltr'>W.</span> <span class='ocrx_word' id='word_1_298' title='bbox 1097 3421 1204 3474; x_wconf 74' lang='lat' dir='ltr'>Mueller</span> <span class='ocrx_word' id='word_1_299' title='bbox 1221 3422 1250 3472; x_wconf 87' lang='lat' dir='ltr'>Z.</span> <span class='ocrx_word' id='word_1_300' title='bbox 1270 3423 1287 3471; x_wconf 84' lang='lat' dir='ltr'>i.</span> <span class='ocrx_word' id='word_1_301' title='bbox 1306 3419 1333 3470; x_wconf 86' lang='lat' dir='ltr'>d.</span> 
     </span>
     <span class='ocr_line' id='line_1_34' title="bbox 199 3512 1332 3581; baseline -0.006 -17"><span class='ocrx_word' id='word_1_302' title='bbox 199 3514 296 3580; x_wconf 87' lang='lat' dir='ltr'>Gymn.</span> <span class='ocrx_word' id='word_1_303' title='bbox 320 3512 386 3564; x_wconf 86' lang='lat' dir='ltr'>XIX</span> <span class='ocrx_word' id='word_1_304' title='bbox 404 3515 470 3566; x_wconf 80' lang='lat'>1865</span> <span class='ocrx_word' id='word_1_305' title='bbox 490 3533 515 3581; x_wconf 91' lang='lat' dir='ltr'>p.</span> <span class='ocrx_word' id='word_1_306' title='bbox 534 3517 594 3566; x_wconf 87' lang='grc'><strong>868.</strong></span> <span class='ocrx_word' id='word_1_307' title='bbox 630 3515 709 3565; x_wconf 88' lang='lat' dir='ltr'>Hauc</span> <span class='ocrx_word' id='word_1_308' title='bbox 726 3513 942 3579; x_wconf 84' lang='lat' dir='ltr'>inaequalitatem</span> <span class='ocrx_word' id='word_1_309' title='bbox 960 3527 1020 3561; x_wconf 91' lang='lat' dir='ltr'>cum</span> <span class='ocrx_word' id='word_1_310' title='bbox 1042 3512 1070 3560; x_wconf 92' lang='lat' dir='ltr'>in</span> <span class='ocrx_word' id='word_1_311' title='bbox 1091 3516 1239 3575; x_wconf 89' lang='lat' dir='ltr'>temporum</span> <span class='ocrx_word' id='word_1_312' title='bbox 1257 3524 1332 3558; x_wconf 91' lang='lat' dir='ltr'>usum</span> 
     </span>
     <span class='ocr_line' id='line_1_35' title="bbox 198 3597 1333 3665; baseline -0.005 -16"><span class='ocrx_word' id='word_1_313' title='bbox 198 3600 366 3652; x_wconf 85' lang='lat' dir='ltr'>transtulerit</span> <span class='ocrx_word' id='word_1_314' title='bbox 388 3599 421 3648; x_wconf 76' lang='lat' dir='ltr'>A.</span> <span class='ocrx_word' id='word_1_315' title='bbox 441 3599 515 3651; x_wconf 78' lang='lat' dir='ltr'>Riese</span> <span class='ocrx_word' id='word_1_316' title='bbox 532 3601 559 3648; x_wconf 91' lang='lat' dir='ltr'>in</span> <span class='ocrx_word' id='word_1_317' title='bbox 578 3601 628 3652; x_wconf 85' lang='lat' dir='ltr'>Rh.</span> <span class='ocrx_word' id='word_1_318' title='bbox 647 3602 715 3652; x_wconf 85' lang='lat' dir='ltr'>blus.</span> <span class='ocrx_word' id='word_1_319' title='bbox 734 3602 799 3650; x_wconf 89' lang='lat' dir='ltr'>XXI</span> <span class='ocrx_word' id='word_1_320' title='bbox 818 3618 849 3665; x_wconf 52' lang='lat' dir='ltr'>p..</span> <span class='ocrx_word' id='word_1_321' title='bbox 864 3604 911 3648; x_wconf 91' lang='grc'>111</span> <span class='ocrx_word' id='word_1_322' title='bbox 938 3603 964 3648; x_wconf 89' lang='lat' dir='ltr'>et</span> <span class='ocrx_word' id='word_1_323' title='bbox 988 3598 1066 3648; x_wconf 81' lang='lat' dir='ltr'>Satir.</span> <span class='ocrx_word' id='word_1_324' title='bbox 1089 3605 1215 3662; x_wconf 87' lang='lat' dir='ltr'>apparatu</span> <span class='ocrx_word' id='word_1_325' title='bbox 1238 3597 1333 3645; x_wconf 88' lang='lat' dir='ltr'>oritico</span> 
     </span>
     <span class='ocr_line' id='line_1_36' title="bbox 197 3681 1334 3753; baseline -0.008 -15"><span class='ocrx_word' id='word_1_326' title='bbox 197 3705 224 3753; x_wconf 87' lang='lat' dir='ltr'>p.</span> <span class='ocrx_word' id='word_1_327' title='bbox 244 3687 306 3749; x_wconf 86' lang='grc'><strong>196,</strong></span> <span class='ocrx_word' id='word_1_328' title='bbox 330 3690 493 3738; x_wconf 84' lang='lat' dir='ltr'>iustecausa</span> <span class='ocrx_word' id='word_1_329' title='bbox 519 3687 627 3738; x_wconf 82' lang='lat' dir='ltr'>Kattacr</span> <span class='ocrx_word' id='word_1_330' title='bbox 650 3689 786 3738; x_wconf 85' lang='lat' dir='ltr'>Kritische</span> <span class='ocrx_word' id='word_1_331' title='bbox 804 3687 1007 3752; x_wconf 84' lang='lat' dir='ltr'>Bemerkungen</span> <span class='ocrx_word' id='word_1_332' title='bbox 1030 3701 1062 3734; x_wconf 82' lang='lat' dir='ltr'>au</span> <span class='ocrx_word' id='word_1_333' title='bbox 1080 3685 1165 3734; x_wconf 85' lang='lat' dir='ltr'>Varro</span> <span class='ocrx_word' id='word_1_334' title='bbox 1190 3701 1215 3749; x_wconf 88' lang='lat' dir='ltr'>p.</span> <span class='ocrx_word' id='word_1_335' title='bbox 1235 3688 1248 3732; x_wconf 81' lang='lat'>2</span> <span class='ocrx_word' id='word_1_336' title='bbox 1268 3681 1334 3730; x_wconf 82' lang='lat' dir='ltr'>milti</span> 
     </span>
     <span class='ocr_line' id='line_1_37' title="bbox 198 3768 1336 3840; baseline -0.004 -19"><span class='ocrx_word' id='word_1_337' title='bbox 198 3773 304 3825; x_wconf 84' lang='lat' dir='ltr'>videtur</span> <span class='ocrx_word' id='word_1_338' title='bbox 326 3775 456 3839; x_wconf 87' lang='lat' dir='ltr'>suspicari</span> <span class='ocrx_word' id='word_1_339' title='bbox 481 3775 626 3824; x_wconf 88' lang='lat' dir='ltr'>Varronem</span> <span class='ocrx_word' id='word_1_340' title='bbox 644 3773 670 3823; x_wconf 91' lang='lat' dir='ltr'>in</span> <span class='ocrx_word' id='word_1_341' title='bbox 689 3781 835 3840; x_wconf 89' lang='lat' dir='ltr'>temporum</span> <span class='ocrx_word' id='word_1_342' title='bbox 856 3789 906 3824; x_wconf 89' lang='lat' dir='ltr'>usu</span> <span class='ocrx_word' id='word_1_343' title='bbox 923 3789 976 3823; x_wconf 88' lang='lat' dir='ltr'>non</span> <span class='ocrx_word' id='word_1_344' title='bbox 995 3773 1081 3822; x_wconf 91' lang='lat' dir='ltr'>minus</span> <span class='ocrx_word' id='word_1_345' title='bbox 1105 3786 1182 3836; x_wconf 90' lang='lat' dir='ltr'>quam</span> <span class='ocrx_word' id='word_1_346' title='bbox 1201 3772 1229 3818; x_wconf 90' lang='lat' dir='ltr'>in</span> <span class='ocrx_word' id='word_1_347' title='bbox 1247 3768 1336 3819; x_wconf 88' lang='lat' dir='ltr'>modo·</span> 
     </span>
     <span class='ocr_line' id='line_1_38' title="bbox 199 3855 1334 3930; baseline -0.004 -20"><span class='ocrx_word' id='word_1_348' title='bbox 199 3876 256 3910; x_wconf 89' lang='lat' dir='ltr'>rum</span> <span class='ocrx_word' id='word_1_349' title='bbox 275 3875 325 3910; x_wconf 89' lang='lat' dir='ltr'>usu</span> <span class='ocrx_word' id='word_1_350' title='bbox 349 3859 381 3909; x_wconf 90' lang='lat' dir='ltr'>ab</span> <span class='ocrx_word' id='word_1_351' title='bbox 400 3863 451 3912; x_wconf 81' lang='lat' dir='ltr'>liae</span> <span class='ocrx_word' id='word_1_352' title='bbox 468 3860 658 3924; x_wconf 88' lang='lat' dir='ltr'>inaequalitate</span> <span class='ocrx_word' id='word_1_353' title='bbox 675 3859 867 3911; x_wconf 83' lang='lat' dir='ltr'>vindicandum</span> <span class='ocrx_word' id='word_1_354' title='bbox 885 3877 950 3910; x_wconf 82' lang='lat' dir='ltr'>esse.</span> <span class='ocrx_word' id='word_1_355' title='bbox 968 3861 1029 3924; x_wconf 88' lang='lat' dir='ltr'>lpse</span> <span class='ocrx_word' id='word_1_356' title='bbox 1041 3855 1112 3930; x_wconf 75' lang='lat' dir='ltr'>Riese</span> <span class='ocrx_word' id='word_1_357' title='bbox 1130 3859 1157 3905; x_wconf 91' lang='lat' dir='ltr'>in</span> <span class='ocrx_word' id='word_1_358' title='bbox 1176 3857 1244 3919; x_wconf 85' lang='lat' dir='ltr'>loco,</span> <span class='ocrx_word' id='word_1_359' title='bbox 1258 3871 1334 3922; x_wconf 88' lang='lat' dir='ltr'>quem</span> 
     </span>
     <span class='ocr_line' id='line_1_39' title="bbox 199 3929 1335 4013; baseline -0.007 -16"><span class='ocrx_word' id='word_1_360' title='bbox 199 3947 325 3996; x_wconf 86' lang='lat' dir='ltr'>attulerat</span> <span class='ocrx_word' id='word_1_361' title='bbox 343 3947 371 3994; x_wconf 90' lang='lat' dir='ltr'>in</span> <span class='ocrx_word' id='word_1_362' title='bbox 389 3959 448 4010; x_wconf 84' lang='lat' dir='ltr'>app.</span> <span class='ocrx_word' id='word_1_363' title='bbox 468 3948 518 3996; x_wconf 83' lang='lat' dir='ltr'>crit</span> <span class='ocrx_word' id='word_1_364' title='bbox 535 3964 562 4011; x_wconf 83' lang='lat' dir='ltr'>p.</span> <span class='ocrx_word' id='word_1_365' title='bbox 581 3947 630 3994; x_wconf 87' lang='grc'><strong>196</strong></span> <span class='ocrx_word' id='word_1_366' title='bbox 649 3960 682 3994; x_wconf 85' lang='lat' dir='ltr'>ex</span> <span class='ocrx_word' id='word_1_367' title='bbox 700 3946 782 4013; x_wconf 89' lang='lat' dir='ltr'>Epist.</span> <span class='ocrx_word' id='word_1_368' title='bbox 801 3947 834 3998; x_wconf 88' lang='lat' dir='ltr'>ad</span> <span class='ocrx_word' id='word_1_369' title='bbox 853 3947 996 3996; x_wconf 85' lang='lat' dir='ltr'>Marullum</span> <span class='ocrx_word' id='word_1_370' title='bbox 1014 3961 1040 4010; x_wconf 91' lang='lat' dir='ltr'>p.</span> <span class='ocrx_word' id='word_1_371' title='bbox 1059 3946 1117 4006; x_wconf 78' lang='lat'>260,</span> <span class='ocrx_word' id='word_1_372' title='bbox 1138 3929 1159 3991; x_wconf 81' lang='lat'>1‘</span> <span class='ocrx_word' id='word_1_373' title='bbox 1178 3943 1272 3992; x_wconf 86' lang='lat' dir='ltr'>Utrum</span> <span class='ocrx_word' id='word_1_374' title='bbox 1284 3955 1335 3991; x_wconf 88' lang='lat' dir='ltr'>me-</span> 
     </span>
     <span class='ocr_line' id='line_1_40' title="bbox 198 4022 1333 4099; baseline -0.006 -18"><span class='ocrx_word' id='word_1_375' title='bbox 198 4031 267 4082; x_wconf 86' lang='lat' dir='ltr'>ridie</span> <span class='ocrx_word' id='word_1_376' title='bbox 285 4048 319 4082; x_wconf 89' lang='lat' dir='ltr'>an</span> <span class='ocrx_word' id='word_1_377' title='bbox 332 4032 436 4097; x_wconf 88' lang='lat' dir='ltr'>vesperi</span> <span class='ocrx_word' id='word_1_378' title='bbox 449 4030 594 4081; x_wconf 87' lang='lat' dir='ltr'>libentius.</span> <span class='ocrx_word' id='word_1_379' title='bbox 611 4065 617 4078; x_wconf 90' lang='lat'>.</span> <span class='ocrx_word' id='word_1_380' title='bbox 634 4069 641 4084; x_wconf 86' lang='lat'>.</span> <span class='ocrx_word' id='word_1_381' title='bbox 660 4065 666 4079; x_wconf 85' lang='lat'>.</span> <span class='ocrx_word' id='word_1_382' title='bbox 686 4033 807 4099; x_wconf 84' lang='lat' dir='ltr'>accedas,</span> <span class='ocrx_word' id='word_1_383' title='bbox 825 4035 908 4097; x_wconf 88' lang='lat' dir='ltr'>locus,</span> <span class='ocrx_word' id='word_1_384' title='bbox 928 4039 1012 4096; x_wconf 85' lang='lat' dir='ltr'>actus,</span> <span class='ocrx_word' id='word_1_385' title='bbox 1031 4028 1159 4080; x_wconf 88' lang='lat' dir='ltr'>adventus</span> <span class='ocrx_word' id='word_1_386' title='bbox 1174 4022 1333 4088; x_wconf 60' lang='lat' dir='ltr'>declaravit,</span> 
     </span>
     <span class='ocr_line' id='line_1_41' title="bbox 199 4104 1335 4183; baseline -0.006 -14"><span class='ocrx_word' id='word_1_387' title='bbox 199 4116 368 4171; x_wconf 73' lang='lat' dir='ltr'>scribendum</span> <span class='ocrx_word' id='word_1_388' title='bbox 381 4131 439 4170; x_wconf 85' lang='lat' dir='ltr'>esse</span> <span class='ocrx_word' id='word_1_389' title='bbox 458 4104 615 4168; x_wconf 82' lang='lat' dir='ltr'>&#39;declarabit’</span> <span class='ocrx_word' id='word_1_390' title='bbox 634 4120 911 4172; x_wconf 68' lang='lat' dir='ltr'>concessissemus.</span> <span class='ocrx_word' id='word_1_391' title='bbox 930 4118 996 4168; x_wconf 89' lang='lat' dir='ltr'>XXI</span> <span class='ocrx_word' id='word_1_392' title='bbox 1014 4135 1038 4183; x_wconf 94' lang='lat' dir='ltr'>p.</span> <span class='ocrx_word' id='word_1_393' title='bbox 1061 4120 1106 4164; x_wconf 88' lang='lat'>111</span> <span class='ocrx_word' id='word_1_394' title='bbox 1128 4115 1217 4166; x_wconf 91' lang='lat' dir='ltr'>adnot.</span> <span class='ocrx_word' id='word_1_395' title='bbox 1235 4119 1258 4164; x_wconf 83' lang='grc'>6.</span> <span class='ocrx_word' id='word_1_396' title='bbox 1294 4110 1335 4163; x_wconf 90' lang='lat' dir='ltr'>De</span> 
     </span>
     <span class='ocr_line' id='line_1_42' title="bbox 199 4202 999 4268; baseline -0.001 -14"><span class='ocrx_word' id='word_1_397' title='bbox 199 4205 261 4256; x_wconf 82' lang='lat' dir='ltr'>aliis</span> <span class='ocrx_word' id='word_1_398' title='bbox 279 4202 408 4256; x_wconf 86' lang='lat' dir='ltr'>eiusmodi</span> <span class='ocrx_word' id='word_1_399' title='bbox 425 4204 490 4255; x_wconf 73' lang='lat' dir='ltr'>loci·</span> <span class='ocrx_word' id='word_1_400' title='bbox 508 4203 669 4268; x_wconf 82' lang='lat' dir='ltr'>corrigendis</span> <span class='ocrx_word' id='word_1_401' title='bbox 687 4205 749 4254; x_wconf 84' lang='lat' dir='ltr'>vide</span> <span class='ocrx_word' id='word_1_402' title='bbox 767 4204 923 4258; x_wconf 84' lang='lat' dir='ltr'>Kettuerum</span> <span class='ocrx_word' id='word_1_403' title='bbox 941 4205 959 4255; x_wconf 93' lang='lat' dir='ltr'>l.</span> <span class='ocrx_word' id='word_1_404' title='bbox 978 4220 999 4253; x_wconf 91' lang='lat' dir='ltr'>c.</span> 
     </span>
    </p>
   </div>
   <div class='ocr_carea' id='block_1_6' title="bbox 0 0 1484 4832">
    <p class='ocr_par' dir='ltr' id='par_1_8' title="bbox 0 0 1484 4832">
     <span class='ocr_line' id='line_1_43' title="bbox 0 0 1484 4832; baseline 0 0"><span class='ocrx_word' id='word_1_405' title='bbox 0 0 1484 4832; x_wconf 95' lang='lat' dir='ltr'> </span> 
     </span>
    </p>
   </div>
  </div>
 </body>
</html>
