2938 4832
501 307 503 315 ψ
558 247 706 372 ...ι-

127 483 223 558 fuerit,
247 487 389 545 racemsri
410 476 494 557 licet,
518 485 594 560 quod
615 485 740 552 ,verbum
760 503 779 546 a
808 478 942 544 Victoria
970 504 1006 546 ex
1034 487 1138 549 codicis
1166 491 1210 549 sui

128 584 216 645 verbo
237 575 387 645 ‘racimari'
420 603 473 660 pro
502 575 687 644 ‘ratiocinari'
716 586 851 659 vulgatae
876 585 1008 668 lectionis
1035 591 1209 660 restitutum,

127 684 288 744 derivatum
310 691 355 744 est
377 702 395 743 a
415 701 539 745 racemo
561 685 580 742 i.
603 702 627 744 c.
651 686 741 757 caule,
765 669 905 760 quouvae
918 687 1089 760 dependent.
1110 689 1210 763 Itaque

127 783 247 843 verbnm
268 785 434 844 racemaudi
458 784 577 858 proprie
599 785 756 859 significat:
785 801 855 844 uvas
884 786 919 844 de
941 802 1055 847 racemo
1077 787 1211 860 colligere

128 887 187 956 aut,
210 901 274 944 cum
293 901 436 943 racemus
450 885 480 942 in
502 885 648 944 notionem
670 901 788 943 uvarum
809 885 935 959 ipsarum
957 889 1113 960 transierit,
1135 887 1212 948 idem

133 984 207 1056 quod
229 975 409 1045 ‘vindemiam
432 974 546 1043 facere’.
574 983 630 1042 Sed
652 1001 688 1042 ex
708 984 772 1043 loco
795 983 871 1045 Tert.
894 986 971 1057 apol.
994 986 1032 1044 35
1055 977 1211 1062 ‘postvm-

131 1082 252 1141 demiam
275 1085 489 1156 parricidarum
510 1084 668 1143 racematio
696 1075 849 1157 superstes'
873 1084 1005 1153 efficitur,
1036 1087 1061 1143 si
1087 1087 1211 1146 transla-

84 1177 85 1181 ’
132 1184 239 1242 tionem
269 1200 295 1241 v.
328 1183 530 1243 racemationis
558 1183 716 1255 sustuleris,
743 1186 906 1242 accuratius
933 1200 976 1244 vv.
998 1185 1156 1246 vindemiae
1185 1191 1214 1245 et

133 1284 337 1342 racemationis
365 1284 407 1342 ita
427 1283 553 1354 differre,
583 1287 625 1354 ut,
654 1279 811 1354 postquem
829 1283 972 1342 vindemia
999 1285 1057 1344 iam
1083 1286 1214 1346 confecta

132 1384 177 1455 sit,
193 1385 388 1443 racematioue
411 1385 582 1444 minutiores
597 1398 669 1440 uvae
694 1382 879 1454 neglegentia
892 1383 1013 1452 relictae
1029 1386 1212 1462 colligantur.

100 1489 103 1498 ’
134 1481 259 1543 Verbum
280 1485 372 1558 igitur
388 1483 554 1547 raccmandi
579 1483 655 1555 apud
677 1481 838 1540 Varronem
864 1481 1009 1556 significat
1030 1502 1078 1544 res
1093 1488 1214 1546 leviores

131 1599 216 1656 supra
238 1585 356 1643 omissas
377 1584 492 1645 addere.
535 1582 679 1641 Victorius
709 1581 786 1640 haud
815 1581 913 1654 inepte
938 1581 1051 1641 confert
1079 1602 1212 1660 graecum

132 1698 157 1742 v.
181 1679 395 1765 ἐπιφυλλίδες
417 1685 445 1742 h.
469 1700 494 1742 e.
517 1682 625 1742 racemi
644 1683 697 1752 illi,
712 1659 768 1754 'qui
796 1680 873 1740 foliis
895 1683 965 1740 tecti
994 1682 1078 1742 facile
1100 1683 1212 1756 fallant,

133 1792 194 1842 tum
206 1786 321 1843 omniuo
332 1799 379 1842 res
393 1784 470 1842 leves
484 1783 602 1853 civiles,
614 1781 852 1854 velutAristoph.
865 1797 928 1840 ran.
944 1782 981 1840 92
999 1778 1213 1866 ἐπιφυλλίδες

133 1873 222 1940 ταῦτ’
240 1878 307 1941 ἐστὶ
322 1878 380 1940 acci
392 1869 632 1957 στωμύλμυτυι;
647 1879 734 1939 Dion.
744 1879 894 1940 Hal.rhet.
908 1886 1001 1954 10,1s
1014 1875 1214 1960 τραγήματα

136 1977 200 2038 τῶν
222 1969 328 2055 λόγων
350 1977 407 2040 καὶ
428 1967 535 2060 ὥσπερ
560 1976 780 2064 ἐπιφυλλίδας
804 1978 861 2040 καὶ
883 1972 1113 2056 στωμύλματα.

72 2074 246 2139 stabulare:
271 2081 306 2138 R.
330 2083 365 2140 R.
387 2083 411 2154 Ι,
428 2085 480 2155 21;
506 2081 557 2151 ΙΠ,
582 2084 609 2154 3,
632 2086 648 2140 7
672 2090 702 2141 et
720 2083 795 2141 idem
822 2084 907 2155 Verg.
931 2082 982 2140 Ov.
1007 2081 1069 2142 Col.
1094 2092 1151 2142 etc.

70 2175 207 2239 calcare:
228 2180 263 2240 R.
287 2183 322 2240 R.
344 2182 368 2253 Ι,
391 2184 441 2254 29,
465 2185 482 2238 2
506 2188 536 2241 et
557 2199 602 2257 ap.
626 2181 714 2254 Verg.
736 2183 818 2240 Ovid.
840 2181 922 2240 alios.

70 2273 254 2340 succollare:
286 2283 322 2340 R.
345 2283 379 2340 R.
402 2282 454 2348 III,
481 2283 527 2356 16,
551 2283 570 2339 8
592 2273 631 2338 ‘et
646 2281 669 2339 si
692 2282 791 2353 nequit
815 2281 912 2340 volare
943 2278 993 2355 (sc.
1017 2284 1114 2354 apium
1136 2284 1213 2355 rex),

132 2372 296 2441 succollaut'
322 2382 349 2439 h.
371 2398 394 2438 e.
411 2382 487 2440 collo
503 2381 677 2454 suscipiant;
700 2381 778 2453 quod
799 2381 875 2440 idem
889 2382 997 2456 legitur
1012 2383 1089 2442 Suet.
1113 2381 1213 2442 Claud.

97 2473 101 2480 '
134 2484 185 2552 10;
208 2481 274 2540 ou.
298 2464 324 2538 'a
1193 2475 1199 2487 ·

174 2583 241 2640 Alia
261 2581 401 2641 eiusmodi
423 2581 519 2648 verba,
542 2595 615 2656 quae
635 2596 695 2639 uon
718 2581 809 2640 solum
829 2583 859 2639 in
880 2580 962 2639 libris
985 2582 1020 2640 de
1036 2580 1079 2640 Re
1096 2581 1214 2640 Rustica

67 2683 214 2755 leguntur,
237 2682 308 2741 haec
329 2687 412 2740 sunt:

67 2788 247 2840 aereaere:
271 2781 341 2841 Rer.
363 2782 442 2839 hum.
463 2781 491 2836 Π
515 2797 560 2853 ap.
582 2779 658 2838 Non.
683 2782 731 2856 75,
758 2783 794 2839 16
816 2772 986 2853 ‘litterisque
1016 2799 1050 2840 ac
1079 2783 1212 2841 laudibus

132 2873 292 2941 aeternare'
315 2883 334 2938 i.
357 2898 381 2939 e.
409 2884 557 2938 aeternnm
578 2877 684 2952 facere,
713 2880 790 2952 quod
811 2882 930 2940 verbum
953 2883 1069 2940 Horatii
1098 2884 1214 2955 ingenio

135 2982 234 3040 deberi
255 2981 328 3039 falso
350 2979 461 3039 iudicat
484 2980 642 3039 scholiasta
663 2981 777 3053 quidam
799 2982 836 3040 ad
852 2981 924 3039 Hor.
947 2999 1035 3040 carin.
1062 2983 1112 3050 IV,
1133 2983 1213 3058 14,5

133 3083 203 3155 (non
232 3081 403 3156 Porphyrio‚
436 3087 469 3138 ut
496 3076 727 3160 Zaayemet'ster
757 3083 820 3156 „De
839 3083 955 3140 Horatii
977 3082 1093 3141 vocibus
1116 3083 1214 3156 singu-

133 3182 261 3242 laribus“
283 3200 311 3255 p.
330 3185 369 3241 37
390 3182 535 3252 adnotat).
569 3181 658 3256 Quem
679 3182 708 3239 iu
721 3197 849 3241 errorem
861 3183 1032 3253 aliquotiens
1047 3182 1217 3241 scholiastae

4 3351 6 3358 Ι
130 3283 267 3342 incidisse
288 3284 468 3344 demonstrat
491 3275 724 3362 Zaayemer‘ater
742 3282 761 3339 l.
784 3301 808 3341 c.

67 3400 241 3442 ceraaore:
264 3385 299 3445 de
321 3387 371 3444 vit.
395 3386 427 3444 P.
450 3384 486 3442 R.
509 3385 581 3456 1,21
609 3374 715 3442 ‘Etiam
737 3383 818 3455 pellis
843 3381 966 3441 bubulas
995 3384 1059 3441 oleo
1081 3382 1214 3454 perfusas

133 3485 353 3558 percurrebant,
382 3487 479 3560 ibique
500 3474 685 3545 oernuabaut¹
715 3483 752 3557 h„
765 3499 790 3541 e.
814 3483 850 3541 ad
871 3488 980 3541 terram
1000 3483 1100 3541 cernui
1120 3482 1216 3556 prola-

135 3585 288 3647 bebantur.
316 3584 351 3645 o'l.
374 3580 504 3644 Kettuer
533 3585 620 3644 adh.
642 3585 661 3642 l.
691 3583 756 3644 Hoc
776 3583 895 3642 verbum
916 3587 1034 3655 praeter
1056 3581 1217 3640 Varronem

97 3711 103 3725 ·
134 3692 217 3748 extat
237 3705 282 3762 ep.
304 3687 390 3760 Apul.
414 3687 502 3746 Solia.
525 3685 614 3744 Prud.

63 3784 327 3866 praenominare:
359 3786 447 3847 Catus
476 3787 512 3846 fr.
539 3786 580 3844 VI
600 3803 628 3859 p.
645 3787 706 3842 248
728 3786 772 3844 ed.
795 3785 882 3844 Riese
903 3775 961 3856 ‘qui
984 3824 1061 3842 ....
1086 3784 1218 3842 celeriter

136 3895 220 3948 crant
242 3891 311 3963 nati,
332 3890 393 3948 fere
407 3887 560 3947 Numerios
580 3876 856 3960 praenominabant,
880 3885 957 3957 quod
978 3882 1095 3942 rerbum
1118 3883 1218 3942 eadem

135 3976 255 4049 notione
275 3995 444 4063 usurpatum
471 3993 589 4063 praeter
614 3989 773 4047 Varronem
802 4002 941 4058 nusquam
961 3985 1089 4045 invenias
1111 3985 1166 4041 nisi
1188 3986 1217 4041 iu

136 4092 192 4148 ino.
221 4096 297 4148 auct.
326 4091 390 4148 libr.
421 4091 456 4151 de
485 4087 718 4164 praenominibus
747 4085 763 4160 ἓ
791 4088 810 4142 4
838 4076 956 4144 ‘Tullius
982 4086 1217 4157 praenominatus

136 4196 181 4248 est
207 4189 309 4249 ominis
337 4193 440 4265 gratia,
470 4192 552 4263 quasi
578 4182 741 4260 tollendus,
774 4203 829 4259 quo
862 4187 936 4245 hanc
963 4202 1063 4245 vocem
1092 4201 1128 4242 ox
1155 4185 1218 4256 ipso

139 4289 273 4351 Varrone
293 4292 444 4348 transiisse
466 4291 549 4349 facilc
573 4291 735 4365 suspiceris,
759 4305 822 4346 cum
845 4289 960 4345 omnino
989 4287 1069 4343 illum
1090 4284 1217 4342 libellum

1049 4389 1065 4441 5
