2938 4832
611 254 759 340 Aa..

111 443 315 528 *depromam
339 453 392 508 sat.
408 448 444 507 ir.
457 451 516 506 493
532 449 582 520 (R.
597 449 666 518 218,
684 443 717 523 3)
741 440 835 508 ‘acciti
849 467 954 522 sumus,
977 453 1010 508 ut
1025 443 1256 523 depoutaremur'

173 553 191 609 i.
209 567 234 608 e.
256 551 292 608 de
313 555 401 622 ponte
423 549 611 607 deiceremur.
656 547 709 606 Oui
736 551 760 608 si
791 550 937 609 addideris
963 549 1156 625 fragmentum
1178 552 1254 625 qnod

175 650 303 722 sequitur
324 646 417 726 (494)
441 632 495 708 Ι919
517 647 618 707 effatus
633 653 713 718 erat,
738 667 802 709 oum
826 667 904 710 more
927 653 1069 711 maiorum
1090 653 1168 710 ultro
1192 669 1256 710 car-

173 751 251 808 nales
272 753 422 823 arripiunt,
446 751 482 808 de
503 754 590 822 ponte
611 749 641 806 in
663 749 790 809 Tiberim
813 743 988 821 deturbant,
1017 752 1106 810 habes
1128 751 1257 810 subulam

173 851 261 921 illam,
284 867 340 924 qua
361 851 491 908 homines
520 851 703 923 sexagenarii
731 851 772 909 de·
797 855 886 924 ponte
911 850 1047 911 Tiberino
1069 852 1173 910 deiecti
1195 869 1258 911 esse

172 950 348 1010 dicebantur.
381 952 454 1009 Rem
476 950 567 1022 ipsam
582 949 656 1007 idem
673 951 765 1008 Varro
786 950 908 1009 tradidit
930 951 966 1010 de
988 952 1037 1010 vit.
1060 951 1092 1010 P.
1107 953 1143 1012 R·
1159 952 1256 1023 ΙΙ,11,

171 1068 228 1126 quo
254 1051 317 1110 loco
347 1052 472 1122 explicat
503 1065 584 1108 senes
616 1049 788 1109 LXannos
817 1057 903 1110 natos
934 1069 952 1111 a
979 1051 1102 1126 publicis
1133 1053 1257 1124 negotiis

170 1151 277 1209 liberos
305 1155 391 1225 atque
411 1151 526 1209 'otiosos
555 1149 644 1207 fuisse
675 1150 771 1222 itaque
800 1137 838 1208 ‘in
866 1150 1051 1225 proverbium
1080 1153 1192 1210 venisse
1225 1155 1258 1208 ut

169 1249 315 1308 diceretur
344 1251 549 1323 sexagenarios
578 1249 613 1306 de
642 1249 729 1322 ponte
744 1249 833 1312 ,deici
862 1262 1007 1323 oportere,
1037 1251 1067 1308 id
1099 1256 1150 1319 est,
1182 1251 1268 1322 quod¹

169 1349 335 1424 suffragium
356 1367 412 1409 non
434 1349 539 1416 ierant,
561 1349 637 1420 quod
665 1365 718 1420 per
738 1354 857 1422 pontem
878 1343 1029 1411 ferebant.
1073 1351 1137 1423 Qua
1166 1351 1201 1409 de
1223 1367 1256 1409 re

168 1449 233 1508 vide
248 1450 306 1508 alia
320 1450 486 1509 testimonia
507 1466 553 1523 ap.
578 1441 762 1508 Kettnernm
784 1450 822 1508 ad
843 1449 875 1508 P.
891 1452 926 1512 R.
951 1452 989 1519 II,
1009 1454 1056 1522 11,
1078 1451 1181 1524 quibus
1203 1450 1254 1509 ad·

168 1551 204 1607 de
227 1547 284 1607 Oic.
305 1567 358 1633 pro
381 1551 407 1609 S.
430 1551 515 1610 Rosc.
540 1550 578 1608 35
602 1547 618 1624 ξ
644 1553 712 1610 100.

109 1641 323 1729 deoirpianre:
356 1656 408 1708 sat.
431 1649 467 1707 ir.
490 1653 550 1709 409
574 1645 624 1728 (R.
652 1652 720 1718 196,
737 1643 768 1722 2)
799 1649 876 1724 ‘quid
904 1652 1054 1726 inguinum
1084 1653 1250 1728 interesset,

116 1811 118 1818 ,
169 1756 267 1809 utrum
298 1769 419 1825 puerum
453 1767 544 1810 essem
579 1752 791 1825 devirginatum
824 1741 955 1823 visurus,
989 1753 1025 1810 ad
1059 1767 1132 1823 qnae
1164 1751 1255 1809 'verba

170 1849 280 1910 Nonius
302 1852 423 1923 458,2l
447 1827 668 1921 explicationem
696 1852 888 1940 addit'hanc:
920 1844 1062 1926 ‘Virgines
1085 1867 1141 1909 non
1164 1850 1255 1908 solum

175 1948 299 2008 feminae
314 1951 456 2023 dicuntur,
483 1953 689 2009 verumetiam
712 1952 793 2022 pueri
814 1951 973 2022 imberbes3
997 1967 1064 2010 nam
1087 1955 1117 2010 et
1138 1952 1254 2024 quicun-

169 2068 224 2123 que
247 2069 283 2110 ex
304 2050 423 2124 ephebis
444 2056 613 2117 excesserat,
636 2051 812 2126 devirginari
837 2042 1004 2138 dioebatnr'.
1036 2051 1169 2110 Concedo
1188 2067 1253 2108 ver·

168 2150 236 2210 bum
259 2151 458 2226 devirginaudi
479 2153 521 2209 ita
542 2151 680 2225 explicari
702 2169 796 2224 posse,
827 2152 877 2210 sed
907 2167 971 2210 oum
1001 2151 1065 2208 aliis
1095 2149 1143 2208 nbi
1174 2154 1254 2207 extat

165 2253 245 2323 locis,
267 2253 347 2310 velut
369 2252 486 2310 Petron.
511 2253 567 2322 253
591 2252 672 2310 Paul.
685 2252 750 2324 Dig.
776 2254 804 2321 1,
823 2253 869 2323 18,
887 2254 942 2323 213
966 2249 1072 2323 Hygia.
1096 2248 1184 2308 fabul.
1203 2251 1251 2321 23,

167 2352 310 2426 significet
335 2353 503 2434 virginitate
525 2353 648 2423 privare,
676 2351 748 2408 haec
770 2351 851 2410 notio
874 2353 975 2410 curin
999 2351 1139 2409 Varronis
1160 2350 1254 2408 locum

167 2448 224 2510 non
247 2452 321 2511 bene
343 2450 466 2525 quadret
486 2467 544 2510 non
565 2451 656 2510 uideo.
1052 2509 1055 2514 .

107 2548 249 2610 evirare:
282 2555 336 2612 sat.
360 2550 396 2610 ir.
423 2554 483 2610 275
507 2551 555 2622 (a.
581 2554 648 2624 164,
666 2553 701 2623 5)
727 2543 852 2625 ‘spatula
872 2553 993 2611 eviravit
1020 2552 1119 2612 dmnes
1147 2551 1253 2611 Veneri

167 2669 240 2727 vaga
261 2641 372 2725 pueros’
396 2657 425 2710 et
445 2653 521 2712 idem
543 2670 588 2728 ap,
613 2653 734 2724 Catull.;
759 2652 837 2712 Cael.
860 2653 947 2726 Aur.;
973 2655 1075 2726 Veget.

107 2749 287 2811 excoriare:
323 2758 375 2812 sat.
407 2752 442 2812 ir.
461 2755 524 2810 991
556 2755 602 2824 (R.
629 2756 697 2824 149,
720 2755 751 2824 4)
783 2745 978 2825 ‘Apollonium
1007 2754 1072 2813 ideo
1101 2756 1253 2814 excuriant

168 2855 234 2925 quia
256 2853 328 2911 nihil
348 2845 481 2914 habebat’
504 2855 523 2910 i.
539 2870 563 2911 e.
586 2855 666 2912 ouria
687 2854 848 2926 excludunt,
871 2854 947 2925 quod
969 2854 1087 2912 verbum
1110 2871 1252 2928 nusquam

166 2954 235 3012 alibi
255 2954 377 3011 inveniri
400 2953 521 3026 uidetur,
548 2953 601 3010 nisi
623 2954 785 3026 respexeris
807 2954 1003 3013 coniecturam
1026 2949 1188 3012 Lamdeca'i
1214 2956 1251 3013 ad

167 3052 287 3111 Varron.
310 3052 394 3125 frgm.
419 3070 464 3126 ap.
487 3053 562 3108 Non.
586 3054 657 3125 465,
674 3053 711 3109 26
736 3044 880 3122 (Kettaer
902 3053 937 3110 de
961 3055 1012 3111 vit.
1035 3054 1067 3110 P.
1085 3051 1120 3110 R.
1143 3053 1180 3120 II,
1197 3056 1248 3121 241

167 3145 274 3210 ‘Nihilo
290 3154 382 3226 magis
404 3159 523 3226 propter
543 3154 657 3226 argenti
678 3152 747 3218 facti
763 3155 974 3214 multitudinem
995 3150 1022 3210 is
1045 3161 1114 3211 crat
1133 3147 1248 3228 furuu-

169 3243 261 3327 9999,
274 3252 322 3310 ubi
333 3247 441 3313 Lorub.
459 3253 637 3312 emendavit:
655 3237 707 3313 ‘ius
720 3260 784 3313 erat
795 3241 982 3314 excuriandi'.
1005 3253 1063 3312 Alii
1075 3254 1251 3326 scripserunt

170 3353 325 3412 ‘manserat
355 3356 386 3412 in
418 3345 513 3412 citria'.
572 3347 739 3426 Qaicdcrct
767 3356 797 3413 in
819 3355 907 3414 Nonii
938 3354 1064 3412 editione
1097 3355 1251 3413 nouissima

167 3449 292 3509 fortasse
313 3458 393 3510 recte
409 3439 455 3509 ‘iis
469 3445 738 3530 crctfarondana'
762 3455 804 3528 (h.
820 3473 845 3514 9.
862 3452 1121 3525 abscondendum),
1144 3457 1250 3513 omissa

167 3552 380 3622 praepositione
403 3544 536 3625 'propter'
559 3561 627 3612 ante
650 3537 789 3628 argenti,
813 3573 898 3629 quam
922 3571 957 3612 ex
978 3551 1072 3612 verbis
1104 3571 1177 3627 qnae
1204 3572 1249 3615 se-

167 3655 293 3722 quuntur
321 3637 405 3724 ‘quod
435 3660 561 3730 propter
583 3671 733 3714 censorum
758 3658 942 3714 severitatem
973 3653 1044 3713 nihil
1072 3655 1248 3715 luxuriosum

165 3753 275 3816 habere
296 3746 409 3816 licebat'
430 3758 583 3829 repetitam
605 3774 666 3816 esse
688 3765 780 3831 putat.
1151 3748 1157 3754 ⁵
