2938 4832
549 271 652 329 ι47

63 459 129 536 orta
146 475 222 547 sunt,
237 475 315 535 velut
329 467 471 532 mcccuuo
485 503 526 514 -
540 467 709 532 mcooueus.
719 471 743 534 ι)
766 451 851 545 s'puo
868 469 1030 531 Varronem
1043 481 1215 545 quamquam

63 577 141 634 haud
172 591 264 648 penca
286 575 431 635 adiectiva
448 571 549 634 suffixo
572 590 665 631 -auus
686 573 816 633 derivata
838 576 1004 642 occurrunt,
1025 571 1096 631 haec
1117 575 1214 630 tamen

62 678 124 738 iore
149 679 246 737 omnia
267 675 342 752 apud
363 691 412 736 eos
435 691 546 749 quoque
568 674 724 747 scriptores
745 673 889 748 leguntur,
921 673 970 746 qui
992 678 1058 732 ante
1082 688 1147 731 oum
1167 673 1212 730 vel

63 779 167 839 eodem
196 794 252 855 quo
283 779 344 850 ipse
373 779 503 849 tempore
529 777 673 846 vixerunt,
710 775 788 836 uelut
820 772 1021 848 antelucanae,
1053 777 1214 846 montanus,

64 879 240 954 publicanus
263 883 328 949 etc,
351 877 407 937 nisi
427 874 503 937 forte
524 876 666 937 adiectiva
688 871 861 956 quiutauos
883 879 913 934 et
926 868 1116 953 septimanus
1130 871 1163 930 L.
1172 871 1213 930 'L.

65 982 115 1053 VI,
144 980 183 1038 27
206 977 254 1053 (de
274 977 367 1037 Nonis
388 977 541 1051 usurpata)
572 976 689 1052 excipis,
718 991 837 1050 quorum
865 975 936 1034 iliud
958 963 1034 1048 a'pud
1056 973 1117 1032 Liv.
1140 973 1215 1032 Plio.

68 1081 117 1156 (Η.
146 1072 200 1156 N.)
222 1077 353 1139 Macrob.
375 1083 441 1151 etc,
464 1079 518 1138 hoc
539 1079 615 1152 apud
638 1079 705 1138 Tac.
729 1077 861 1138 Macrob.
885 1081 939 1136 etc.
962 1081 1051 1136 extat.

159 1179 296 1240 Suffixum
321 1195 430 1236 osseus
452 1179 545 1238 Varro
566 1178 703 1238 adnexuit
723 1177 880 1261 adiectivq:

66 1273 286 1340 couditoueue:
305 1267 339 1357 ²)
352 1281 387 1339 R.
411 1280 445 1339 R.
468 1280 492 1354 I,
516 1281 565 1349 24,
592 1284 605 1337 l
630 1271 702 1340 ‘olea
717 1271 904 1340 conditauea'.
926 1279 983 1339 Pro
999 1277 1054 1338 hoc
1070 1277 1214 1338 adiectivo
1297 1353 1299 1358 ι

126 1380 204 1442 «Ceto
226 1383 275 1450 (R.
292 1383 327 1441 R.
345 1379 388 1454 6),
411 1397 447 1439 ex
468 1397 525 1454 quo
542 1379 636 1440 Varro
658 1380 748 1440 verba
772 1381 873 1455 capitis
889 1382 927 1436 st
943 1381 1105 1456 exscripsit,
1123 1376 1220 1452 posuit

133 1481 251 1542 formam
272 1473 458 1540 ‘conditivus'.
501 1482 641 1540 Varronis
670 1479 740 1538 illud
774 1477 946 1537 adiectivum
975 1481 1072 1534 utrum
1094 1495 1112 1537 a
1134 1476 1220 1536 verbo

133 1581 286 1640 condiendi
307 1597 344 1640 an
365 1598 382 1639 a
404 1580 492 1640 verbo
514 1578 656 1641 condendi
678 1582 796 1640 ductum
820 1579 857 1637 sit
871 1583 951 1637 certo
966 1595 1023 1636 non
1039 1582 1121 1636 const
1141 1583 1163 1638 t.
1180 1579 1220 1637 Et

133 1685 195 1756 ipse
216 1682 327 1740 Nouius
349 1699 397 1755 pg.
421 1685 470 1753 94,
495 1684 522 1754 7,
554 1682 603 1754 qui
625 1681 709 1739 affert
730 1680 805 1739 hunc
820 1679 959 1738 Varronis
978 1679 1081 1750 locum,
1096 1678 1132 1737 de
1146 1678 1221 1737 deri:

133 1781 249 1840 vatione
285 1781 419 1840 adiectivi
456 1771 659 1841 ‘conditoneus'
690 1781 802 1840 videtur
843 1779 999 1853 dubitasse,
1033 1797 1096 1839 cum
1127 1779 1219 1838 dicat:

133 1866 358 1953 ‘condiscucua
387 1882 463 1953 quod
483 1882 568 1941 condi
593 1882 636 1940 vel
658 1881 769 1940 condiri
789 1886 885 1958 potest
906 1873 968 1941 etc!
993 1881 1147 1952 Quicherat
1161 1884 1222 1956 qui-

134 1985 198 2044 dem
229 1985 258 2041 in
281 1982 369 2041 Nonii
404 1982 529 2043 editione
557 1981 647 2041 verba
668 1973 722 2042 ‘vel
743 1975 872 2051 condiri’,
893 1999 1062 2057 quemquam
1089 1983 1220 2042 omnibus

135 2087 165 2143 in
194 2069 337 2142 codicibus
371 2065 550 2158 exhibentur,
582 2089 615 2142 ut
645 2085 786 2157 glossema
816 2086 920 2144 omisit.
964 2081 1021 2142 Sed
1051 2082 1136 2142 facile
1158 2083 1222 2142 fieri

93 2235 95 2242 ,
136 2185 240 2258 potuit,
272 2190 304 2257 pt
326 2185 437 2244 Nonius
470 2186 529 2260 ipse
557 2185 593 2244 de
622 2186 732 2258 origine
759 2185 788 2242 h.
810 2203 835 2244 v.
859 2185 1014 2257 dubitaret,
1048 2201 1112 2243 cum
1135 2184 1223 2245 uerba
1310 2248 1314 2264 ,

135 2284 275 2345 condendi
288 2326 291 2334 ·
306 2289 336 2344 et
363 2285 514 2344 condiendi
541 2284 641 2343 eadem
670 2282 879 2359 significatione
910 2291 1101 2360 ursurpeutur
1123 2286 1159 2344 de
1187 2289 1222 2346 iis
1317 2279 1323 2294 ”

137 2387 229 2459 rebus,
252 2402 326 2458 quae
347 2391 379 2444 ut
406 2391 616 2458 conserventur,
638 2387 669 2444 in
691 2386 764 2444 ollas
785 2370 930 2447 induntur.

589 2499 620 2578 ‘§
643 2505 692 2562 21.

158 2622 298 2690 Eandem,
334 2637 420 2694 quam
452 2619 589 2680 suffixum
627 2641 749 2696 -oueos,
780 2625 924 2683 notionem
957 2619 1053 2683 -s'ce'ue
1081 2631 1110 2684 et
1143 2620 1226 2682 -s‘ous

74 2720 179 2783 suffixa
197 2722 342 2796 stirpibus,
370 2720 473 2796 quibus
494 2723 714 2797 coniunguntur,
737 2723 906 2783 attribuunt.
951 2726 1045 2797 Quare
1066 2725 1108 2793 fit,
1129 2732 1162 2783 ut
1182 2727 1225 2783 in·

75 2824 192 2883 tardum
225 2823 366 2882 adiectus
395 2823 470 2882 idem
495 2822 690 2896 significantia
719 2822 755 2881 ab
786 2825 885 2883 eadem
911 2826 1001 2898 stirpe
1021 2826 1122 2883 horum
1145 2824 1225 2886 suffi-

73 2943 180 2986 xorum
212 2925 319 2984 duobus
352 2925 395 2984 vel
424 2922 515 2982 tribus
537 2923 666 2988 omuibus
688 2921 863 2999 deriventur,
897 2924 992 2984 volut:
1025 2918 1227 2983 condiscueuo

75 3059 116 3070 -·-
131 3017 363 3084 condictatus-
376 3018 560 3103 conditiore&
584 3019 792 3104 confusaneas
803 3057 838 3067 ·-
853 3019 1060 3104 confusicius;
1080 3022 1228 3106 impositi-

75 3121 405 3205 cc'us-imposc'ts'uus5
419 3107 859 3184 ermenricius—aruteatiuus.
872 3157 906 3166 -
923 3129 1049 3200 Quorum
1063 3127 1229 3188 suffixorum

78 3244 193 3285 -aueue
224 3232 253 3286 et
274 3221 365 3285 -c‘ouc
395 3225 532 3300 stirpibus
562 3232 590 3285 et
617 3226 780 3287 verbalibus
812 3232 841 3284 et
863 3229 1054 3287 seminalibus
1076 3229 1228 3299 adduntur,

90 3413 288 3422 -—-——-.—..

152 3532 172 3598 ¹)
191 3530 306 3582 Paucbcr
325 3534 352 3584 in
380 3532 459 3600 libro,
484 3547 560 3598 quern
588 3548 667 3599 supra
690 3531 807 3600 laudavi,
833 3548 875 3598 pg.
899 3534 958 3600 295,
978 3535 1011 3582 st
1030 3534 1085 3584 alie
1102 3534 1229 3586 nonnulla

81 3618 205 3684 exempla
230 3621 368 3687 congessit,
393 3622 421 3670 iu
447 3618 544 3685 quibus
569 3618 620 3669 duo
647 3621 742 3671 suffixo
771 3628 799 3671 et
826 3635 904 3672 -anus
928 3627 955 3672 et
982 3637 1072 3674 -uueus
1099 3637 1158 3672 cum
1178 3637 1230 3674 unu

79 3705 227 3774 eademque
255 3709 336 3774 stirpe
363 3709 506 3759 coniuncto
530 3706 660 3757 eiusmodi
688 3707 821 3758 adiectivs
851 3707 959 3774 fingunt,
987 3726 1096 3780 quorum
1119 3711 1230 3760 alterum

79 3797 212 3846 uetericrc
230 3795 344 3848 alterum
363 3798 511 3848 recentiore
537 3794 646 3860 linguae
664 3796 763 3846 latinae
783 3801 870 3846 aetate
890 3798 1017 3861 originem
1045 3795 1130 3862 duxit,
1157 3797 1232 3848 reiut

78 3880 297 3946 circumfer-uuus
308 3880 379 3951 (reo.)
397 3898 493 3934 -aueus
512 3879 602 3950 (vet.);
622 3879 780 3948 oppid-auur
798 3880 874 3951 (vet.)
892 3880 1089 3951 -nueostrccb
1108 3885 1232 3936 uic-auus

79 3967 158 4036 (rec.)
175 3984 265 4022 -useus
283 3969 372 4037 (vet.);
390 3969 531 4036 [out-auus
550 3969 623 4038 (vet.)
641 3985 731 4022 -aueus
750 3966 824 4038 (rec.)
843 3976 891 4021 etc.

93 4085 115 4112 -,
153 4051 173 4123 ²)
191 4057 290 4107 Lexiea
308 4073 375 4124 quae
394 4059 498 4124 inspexi
517 4057 605 4108 omnia
624 4055 738 4125 (praeter
751 4057 959 4109 Forceiiininum
980 4059 1086 4110 edition.
1100 4056 1123 4126 l)
1143 4059 1232 4108 nescio

80 4157 135 4207 quo
155 4157 217 4192 casu
236 4159 269 4192 ex
288 4129 363 4210 Apio.
382 4147 405 4211 9,
425 4149 440 4196 6
460 4151 486 4194 et
505 4146 519 4195 9
539 4144 701 4196 adiectivum
721 4133 906 4196 ‘conditoneus'
932 4146 1000 4197 i'elso
1027 4152 1142 4212 cnutoni,
1162 4145 1232 4210 quod

81 4227 205 4294 equidem
236 4231 264 4279 in
291 4229 454 4282 editionibus
481 4232 571 4298 Apicii
607 4245 673 4294 quas
704 4231 792 4282 lister
824 4231 915 4300 (1⁷05)
945 4237 971 4286 et
1001 4233 1108 4284 Schuoh
1142 4218 1232 4298 (1867)

77 4321 247 4384 curaverunt,
266 4318 363 4368 frustra
384 4319 401 4369 i.
421 4333 443 4368 o.
463 4320 594 4384 quaesivi.
