2938 4832
677 247 719 302 77

192 451 305 522 poetico
326 462 468 518 sermone,
489 444 539 504 ubi
561 437 800 502 ‘multarummus’
823 459 839 500 e
871 443 999 504 codicum
1028 437 1203 507 auctoritate
1230 447 1286 507 le·-

190 548 316 622 gendum
338 563 399 606 esse
429 539 547 604 Vahlen
569 545 646 603 anal.
676 543 750 616 Non.
774 561 802 617 p.
827 545 844 598 2
867 544 965 604 docuit
994 544 1041 617 (ci.
1067 537 1157 604 Riese
1185 548 1222 608 ad
1244 547 1272 606 h.

190 649 208 706 1.
233 665 261 721 p.
285 648 346 707 230
367 649 396 705 in
419 646 516 705 adnot.
539 645 656 713 critic).

234 745 355 822 [Similia
385 747 543 819 composita
574 761 610 802 ex
642 746 772 804 oratione
802 761 888 819 prosa
910 746 1058 820 desumpta
1090 752 1157 806 sunt
1184 749 1271 807 haec:

126 839 317 907 ‘multicaulis’
355 842 472 922 (Prin),
498 831 676 903 ‘multicolor’
705 843 792 917 (Plln.
818 841 930 922 Apul),
963 833 1134 908 ‘multifidus'
1167 849 1273 922 (Lim),

128 939 322 1009 'multiformis'
351 946 423 1021 (Cic.
446 944 506 1004 Gol.
529 944 628 1015 Plin.),
668 941 840 1017 ‘multiiugis’
867 944 938 1016 (Cic.
967 942 1053 1022 Lis),
1086 931 1272 1008 ‘multifarius'

127 1031 232 1126 (een.)
254 1049 322 1118 em]
772 1038 774 1043 ’

123 1207 132 1222 ,
232 1148 343 1207 Eodem
374 1147 459 1206 modo
481 1146 620 1205 vocabula
641 1162 705 1204 curn
727 1141 814 1202 semi·
840 1147 999 1219 composita
1024 1152 1054 1205 et
1074 1147 1216 1221 pedestris
1244 1154 1275 1207 et

127 1250 232 1321 poetici
254 1247 392 1306 sermonis
415 1246 604 1321 sunt,tt:velu

128 1343 361 1406 *cornicem-arm
385 1345 469 1406 sati
468 1350 546 1405 ,47
564 1348 610 1416 (R.
629 1347 697 1404 109
691 1345 761 1418 5);
785 1341 1019 1424 *semipedem
1045 1348 1270 1421 R..,‚.Rll39

127 1443 268 1506 semivir:
292 1454 346 1506 sat.
382 1448 489 1504 ι·3.12
513 1449 563 1515 (R.
591 1447 658 1516 132,
677 1445 708 1517 5)
733 1450 763 1503 et
782 1445 857 1518 apud
880 1445 967 1520 Varg.
990 1446 1042 1504 Ov.
1063 1448 1126 1507 Liv.

128 1539 338 1606 semivocalis.
366 1547 402 1604 R
422 1545 458 1603 R
482 1546 504 1616 Ι,
527 1547 607 1617 17,1
632 1526 719 1604 alii
711 1563 740 1602 rn
762 1549 822 1603 tres
844 1552 943 1616 partes
964 1548 1009 1604 ins
1010 1547 1149 1605 trdmenti
1171 1566 1273 1623 genua,

122 1623 126 1632 ’
194 1647 293 1706 vocale
311 1645 361 1718 (sc.
384 1647 470 1716 servi)
491 1651 521 1704 et
530 1646 701 1704 semivocale
713 1645 767 1715 (so.
779 1641 878 1718 boves)
895 1651 924 1704 et
938 1651 1047 1704 mutum
1059 1643 1111 1722 (sc.
1124 1642 1275 1722 plaustrai'

190 1752 220 1804 et
239 1747 316 1804 idem
338 1762 383 1819 ap.
408 1745 505 1815 Quint.
528 1743 630 1819 Veget.
653 1741 793 1804 Priscian.

231 1844 391 1903 Praeterea
412 1861 428 1902 e
450 1860 580 1902 sermone
601 1843 729 1917 pedestri
750 1844 917 1904 adnotanda
937 1849 1036 1920 putavi
1060 1849 1147 1908 haec:

128 1939 332 2026 *bisyllabmm
362 1948 397 2004 L.
427 1945 460 2002 L.
489 1944 539 2016 IX,
572 1947 628 2015 913
658 1937 798 2002 *divim
830 1950 885 2004 sat.
915 1945 950 2004 ir.
973 1949 1036 2006 239
1066 1947 1117 2023 (R.
1142 1949 1209 2022 154,
1240 1951 1274 2021 3)

190 2032 235 2104 ad
256 2043 378 2104 biviram
404 2036 511 2118 veni0';
547 2043 623 2102 conl.
646 2026 775 2102 ‘univira’
811 2048 841 2102 et
872 2043 952 2104 'mult
953 2039 1032 2106 ivire'
1066 2048 1143 2120 apud
1165 2049 1273 2109 Minue.

190 2145 251 2204 Fel.
275 2145 338 2204 Oct.
361 2145 455 2216 24,3.

128 2240 332 2304 tentaremus:
357 2245 490 2315 ΙΙ.,ΙΙΙΙ
508 2247 535 2312 5,
551 2250 570 2302 4
599 2263 681 2305 uvam
704 2207 904 2304 bumammam’
928 2252 956 2304 et
982 2248 1057 2306 idem
1080 2265 1124 2323 ap
1142 2249 1273 2309 Macrob.

191 2347 250 2406 Sat
274 2349 302 2418 3,
326 2342 459 2418 20§7;
491 2361 565 2417 quae
587 2361 643 2404 vox
663 2345 786 2418 hybrida
808 2343 986 2406 conformata
1016 2354 1060 2406 est
1048 2348 1119 2406 tad
1142 2349 1273 2408 similita-

192 2447 287 2507 dinem
307 2447 458 2506 verborum
473 2462 541 2504 vere
563 2462 733 2519 graecorum
749 2462 812 2504 cnm
827 2439 880 2502 bo-
895 2448 1125 2518 compositorum,
1149 2465 1222 2521 quae
1244 2450 1274 2510 in

186 2547 309 2605 ‘latinam
331 2548 459 2620 lingnam
482 2548 632 2619 transiere,
656 2547 734 2605 velut
756 2540 926 2614 humectas,
950 2541 1093 2604 damella.
1136 2549 1210 2609 Vide
1238 2567 1274 2610 ea

190 2663 311 2720 quoque,
345 2647 544 2734 quaeyarro
571 2650 633 2722 ipse
660 2648 679 2704 l.
702 2664 726 2706 c.
750 2663 766 2704 e
788 2663 893 2720 graeca
915 2647 1015 2720 lingua
1036 2646 1123 2706 affert
1143 2654 1172 2706 et
1194 2649 1273 2708 Sem.
1358 2707 1362 2716 ,

190 2748 227 2806 ad
249 2749 336 2823 Vorg.
360 2750 466 2824 Georg.
489 2751 527 2821 ΙΙ,
546 2753 604 2809 102
623 2748 654 2827 ¹).

129 2841 281 2905 domanio:
303 2855 357 2906 sat.
380 2849 415 2907 fr.
442 2853 501 2908 517
525 2849 573 2924 (R.
596 2851 665 2922 223,
684 2846 716 2922 4)
737 2849 904 2922 ‘Diogenem
926 2848 1039 2906 litteras
1061 2849 1156 2920 scisse,
1175 2848 1273 2910 domu·

191 2948 264 3006 sioni
286 2949 361 3020 quod
390 2950 460 3006 satis
483 2938 575 3021 esset,
605 2950 679 3022 quod
702 2948 872 3007 vocabulum
897 2949 1007 3019 primus
1029 2938 1199 3004 Buecheler
1217 2951 1273 3010 ΙΙΙ,

191 3048 268 3106 Mus.
281 3047 353 3104 XIII
368 3064 396 3118 p.
411 3049 469 3105 536
483 3050 609 3106 restituit
626 3066 642 3107 e
655 3049 741 3108 Nonii
753 3048 883 3108 codicum
900 3047 1039 3118 vestigiis:
1066 3039 1141 3103 dam
1158 3046 1274 3110 misione

190 3146 228 3206 W
249 3163 277 3218 p.
302 3148 377 3222 2483
414 3139 489 3204 olum
521 3142 624 3204 usebni
657 3149 694 3208 W
717 3150 787 3207 231.
811 3148 839 3204 H
860 3147 895 3206 L.
949 3147 1030 3205 Idem
1063 3165 1088 3205 v.
1121 3156 1273 3222 praeterea

192 3251 273 3304 extat
294 3246 414 3305 Petron.
437 3252 492 3306 sat.
516 3250 570 3318 463
594 3250 643 3307 48.

234 3346 318 3407 Addo
340 3347 477 3406 nonnulla
498 3348 677 3408 substantiva
697 3345 864 3421 ¹composita,
895 3363 968 3421 qnae
997 3365 1168 3421 quamquem
1197 3351 1273 3422 apud

129 3448 220 3506 solum
232 3447 394 3506 Varronem
416 3447 461 3505 vel
484 3449 559 3522 opud
586 3450 661 3508 hunc
680 3451 804 3522 primum
826 3452 855 3506 et
876 3447 978 3507 deinde
999 3450 1075 3522 apud
1097 3452 1274 3521 posteriores

128 3630 326 3639 -υη-ῌ-ι

217 3713 237 3780 ¹)
256 3716 290 3766 oi.
309 3713 454 3766 Leimone:
479 3697 527 3764 'De
546 3713 604 3765 vini
625 3719 697 3783 apud
721 3721 852 3770 Romanos
872 3724 1002 3786 apparatu
1028 3714 1153 3785 curaquc’
1181 3723 1274 3790 Progr.

130 3803 227 3867 Gynrn.
254 3801 440 3866 Wernigerod.
467 3802 531 3851 1872
556 3818 582 3867 p.
602 3808 632 3852 l:
662 3790 790 3865 ‘Quacum
814 3808 870 3856 vite
894 3803 1064 3870 (bimemmia)
1087 3823 1140 3858 non
1165 3811 1275 3859 conlun-

130 3887 218 3936 denda
236 3895 276 3937 est
295 3889 356 3938 vitis
376 3888 526 3939 bumnrnma
544 3891 600 3938 sive
617 3888 770 3958 burnastus,
796 3875 871 3942 ΙοιιΙιιιι
895 3898 971 3942 nvac'
986 3898 1032 3942 aut
1053 3894 1125 3959 nigri
1151 3891 1197 3944 arnt
1219 3897 1273 3946 albi

130 3972 230 4022 eoloris
249 3979 323 4022 erant
343 3979 369 4023 et
387 3990 515 4025 mammae
534 3976 648 4025 bovinae
666 3971 749 4029 instin·
772 3981 968 4045 turgescebant.
1006 3980 1158 4045 Magnitudo
1184 3998 1272 4032 carum

129 4074 240 4108 uvarum
251 4059 302 4107 iarn
317 4076 350 4138 err
361 4061 466 4126 syllaba
475 4059 547 4130 βου·
557 4062 695 4116 vocabulis
707 4053 814 4136 μαστδς
826 4071 851 4114 et
864 4081 976 4115 rnamrno
989 4069 1142 4132 praeposita
1153 4076 1271 4132 lipparem

130 4162 188 4196 earn
208 4148 277 4197 enirn
299 4147 392 4196 Graeci
418 4148 545 4199 debonis
571 4152 752 4217 magnitudine
777 4153 926 4218 cogitantes
949 4154 1102 4204 nominibus
1127 4155 1272 4220 amplarum

129 4250 218 4284 rerum
238 4249 400 4298 praeponere
417 4228 554 4289 solebant'.
