2938 4832
988 159 1016 262 N
1083 79 1088 86 ,

754 261 901 356 A..

259 505 260 511 κ
321 467 410 528 semol
442 472 553 528 tautum
584 472 737 540 praeterea
767 467 874 540 legitur
906 467 994 541 Vorg.
1026 466 1132 542 Georg.
1178 469 1206 538 2,
1241 467 1309 536 341,
1347 465 1405 524 ubi

321 586 396 627 nunc
417 569 541 627 omnium
563 583 700 628 consensu
721 573 827 626 terrea
848 553 1007 642 progenios’
1030 584 1083 642 pro
1103 565 1208 628 ferrea
1229 584 1258 640 p
1261 557 1406 641 ’proba-

321 674 377 728 tur.
397 669 506 734 Contra
531 669 612 730 Gaes-
633 669 662 728 b.
684 687 713 742 g.
741 673 766 738 1,
791 669 839 740 43,
865 672 878 725 1
911 685 984 726 nuno
1013 683 1110 728 omnes
1140 669 1239 742 legunt
1227 667 1406 726 toedioum

321 753 522 830 auctoritatem
542 771 632 829 secuti
609 748 789 828 ttumulus
812 760 964 828 terrenus’.

260 867 373 928 viteus:
396 871 430 930 R.
453 871 487 930 R.
514 874 540 943 1,
565 872 613 944 31,
639 872 709 929 tet
729 870 818 946 Verg.
840 870 926 930 Soliu.
951 869 1086 930 Ambros

786 972 873 1040 §19.
1374 1031 1379 1040 .

345 1071 424 1143 Quod
446 1088 482 1130 ox
509 1072 563 1132 hoc
589 1089 652 1132 com
685 1088 749 1130 -ιιο-
775 1072 935 1145 composito
968 1069 1092 1130 efficitur
1127 1070 1259 1130 suffixum
1293 1087 1405 1128 -cceus

260 1172 400 1232 adiectiva
421 1170 512 1246 fingit,
534 1189 606 1253 quas
628 1171 912 1232 aut-similitudinum
939 1170 1068 1231 indicant
1089 1177 1139 1232 aut
1159 1174 1227 1232 itam
1256 1178 1287 1230 ut
1307 1171 1406 1230 adiec-

259 1276 319 1333 tiva
339 1275 368 1332 iu
400 1290 465 1331 -eoa
496 1274 654 1347 materiam,
689 1291 724 1333 ex
758 1290 815 1346 qua
848 1272 956 1346 aliquid
987 1271 1094 1332 factum
1127 1281 1178 1338 est.
1230 1273 1262 1330 In
1293 1265 1405 1348 linguis

260 1375 422 1434 Romanicis
443 1372 575 1434 suffixum
603 1391 710 1433 -uceos
732 1375 833 1434 leviter
862 1378 1002 1432 mutatum
1031 1373 1177 1434 adiectivis
1202 1375 1245 1434 val
1266 1373 1402 1432 substan-

261 1475 325 1534 tivis
346 1477 457 1536 variam
486 1477 631 1536 notionem
652 1476 778 1535 tribuere
806 1475 905 1534 docuit
925 1467 1004 1533 Dico
1028 1476 1154 1535 Gramm.
1178 1476 1206 1534 d.
1237 1491 1309 1534 rom.
1332 1475 1402 1549 Spr.

262 1574 300 1642 ΙΙ,
324 1575 393 1633 315.
428 1575 489 1634 Hoc
510 1577 599 1650 igitur
620 1573 753 1635 suffixum
775 1575 851 1650 apud
872 1577 1031 1635 Varronem
1053 1582 1173 1649 apparet
1195 1578 1240 1635 iu:

252 1666 442 1753 ferrareus:
465 1677 500 1735 R.
524 1677 559 1735 R.
582 1676 606 1748 Ι,
631 1679 679 1746 31,
706 1677 723 1734 5
746 1664 885 1736 ‘farracea
906 1668 996 1752 seges’
1018 1684 1048 1737 et
1069 1677 1143 1736 idem
1166 1694 1210 1751 ap.
1233 1677 1307 1736 Plin.

262 1768 444 1834 *lolioceoaz
469 1775 504 1834 R.
527 1778 563 1836 R.
585 1777 637 1849 ΙΙΙ,
662 1780 689 1850 9,
713 1778 753 1835 20
775 1769 876 1838 ‘farina
897 1769 1035 1838 loliucea'.

262 1871 436 1935 *ciruceoaz
470 1882 524 1938 sat.
547 1875 584 1936 fr.
607 1879 666 1938 300
700 1875 747 1953 (R.
774 1881 839 1952 167,
872 1873 905 1955 1)
939 1872 971 1937 ‘si
1004 1897 1061 1940 non
1089 1879 1169 1938 malit
1200 1880 1244 1938 vir
1275 1879 1407 1938 viracsus

321 1993 441 2038 uxorem
474 1978 581 2039 habore
605 1973 789 2051 Atalantam,
822 1996 877 2050 quo
898 1981 927 2038 in
961 1980 1100 2040 adiectiro
1134 1972 1285 2041 formando
1308 1979 1406 2038 Varro

324 2063 453 2142 imitatus
475 2084 519 2140 est
539 2078 661 2140 formam
696 2071 887 2160 palliouceoo
919 2081 964 2139 vel
997 2082 1092 2154 potius
1121 2077 1223 2139 ciram
1247 2077 1406 2138 ciruceom

301 2182 379 2241 sibi
411 2181 493 2241 finxit
523 2183 553 2240 in
585 2182 700 2241 modum
731 2181 934 2241 usitatissimae
975 2179 1153 2241 formationis
1187 2169 1283 2256 ‘gallos
1317 2181 1404 2254 galii-

326 2274 447 2356 uaceus’‚
464 2284 540 2357 quod
557 2275 725 2342 Buecheler
737 2281 792 2344 Rh.
803 2283 876 2341 Mus.
890 2283 956 2354 XX,
969 2284 1026 2339 441
1040 2283 1148 2354 primus
1158 2287 1237 2342 rocta
1247 2283 1405 2344 adnotavit.

326 2383 435 2443 ibidem
457 2375 564 2456 optimo
593 2385 655 2442 iure
685 2383 762 2444 idem
783 2401 809 2443 v.
833 2383 860 2442 d.
888 2379 1001 2443 confort
1029 2380 1229 2444 formationem
1250 2382 1402 2443 verbomm

325 2478 713 2562 cir-niropo—m‘roceos
725 2501 789 2544 cum
798 2471 896 2558 fora»
905 2477 1269 2564 sarrapo—forroceoo.
1297 2485 1405 2545 Lexica

327 2599 401 2658 quac
421 2586 533 2658 inspexi
554 2585 608 2646 hoo
628 2584 797 2644 vocabulum
818 2601 876 2643 nou
899 2582 1037 2644 referunt.

348 2684 432 2743 Addo
454 2685 498 2744 his
519 2684 689 2746 adiectiuum
712 2679 962 2765 *pancarpiueoa
984 2691 1036 2744 sat.
1062 2682 1097 2742 fr.
1122 2685 1181 2744 567
1204 2681 1245 2756 (R
1277 2687 1346 2761 236,
1373 2682 1402 2759 1)

269 2783 325 2843 ‘scd
347 2784 539 2860 pancarpineo
562 2783 626 2843 cibo
648 2777 753 2846 coacto’
783 2786 858 2860 quod
880 2803 943 2844 cum
971 2802 1062 2857 noque
1085 2787 1115 2844 in
1137 2803 1241 2860 graeca
1262 2803 1352 2860 neque
1373 2791 1401 2846 iu

264 2878 355 2944 latina
376 2887 473 2960 lingua
500 2889 604 2945 iterum
632 2891 719 2958 extet,
750 2887 921 2946 aVarrona
948 2888 1010 2960 ipso
1031 2885 1184 2946 formatum
1209 2903 1271 2946 ossa
1299 2905 1403 2948 conseo

265 2987 303 3046 ad
336 2987 548 3046 similitudinem
581 2984 785 3045 adiectivorum
812 2979 985 3066 sopiriona,
1021 2981 1225 3064 accendimus,
1263 2985 1403 3046 cerdueos

189 3154 190 3163 ¹
267 3087 309 3161 (iu
348 3088 534 3162 inscriptione
569 3087 690 3146 metrica
722 3085 883 3163 Africana),
919 3080 1059 3167 tofioeoc,
1103 3090 1183 3148 iuxta
1221 3106 1294 3162 quae
1330 3091 1403 3148 aliae

266 3186 375 3250 formae
407 3190 436 3248 in
469 3184 553 3246 -a'nua
585 3192 722 3249 exeuntes
747 3179 948 3262 reperiuntur,
984 3189 1061 3247 volut
1093 3182 1236 3270 supinos,
1273 3183 1401 3247 aesculi-

165 3325 166 3328 =
266 3305 336 3356 nus,
371 3284 505 3360 ceriaco,
543 3282 669 3367 roflano.
721 3288 754 3347 Iu
791 3289 932 3349 adiectivo
963 3277 1211 3368 poocurpa'oeus,
1247 3307 1311 3351 cum
1344 3289 1400 3350 ior·

267 3407 314 3450 ma
348 3389 442 3448 media
474 3385 705 3469 *pancarpirroa
740 3405 798 3448 uon
832 3394 919 3462 extet,
952 3388 1084 3449 suffixum
1113 3387 1212 3448 -ioeus
1243 3391 1320 3450 ad
1312 3409 1402 3466 ipsum

268 3491 439 3551 adiectivmu
462 3507 649 3572 pancarpus
677 3490 872 3550 additumt
826 3495 880 3550 cst.
924 3491 1014 3550 Extat
1042 3497 1137 3550 autem
1166 3507 1327 3566 pancarpus
1359 3493 1403 3550 vel

267 3567 453 3666 pancarpiua'
483 3593 514 3650 in
537 3591 636 3666 lingna
663 3591 705 3650 lat
693 3595 754 3652 tina
781 3593 858 3666 opud
886 3591 967 3652 Paul.
990 3609 1025 3651 ex
1045 3592 1123 3652 Fast.
1102 3594 1272 3665 t.;p220
1311 3586 1402 3669 (Tert.

269 3693 332 3752 adv.
348 3691 462 3752 Valent
489 3689 593 3750 12‘ci
564 3709 694 3767 cquae
719 3685 829 3752 Oedder
849 3694 968 3754 adnotat
989 3693 1076 3754 adh.
1099 3693 1145 3768 l.;)
1169 3693 1292 3768 August
1285 3711 1323 3751 m.
1339 3693 1403 3752 adv.

269 3793 420 3853 Secundis.
443 3793 492 3852 23.

792 3893 881 3972 §20.

353 3993 443 4053 Simili
464 3995 549 4056 modo
570 4012 627 4070 quo
650 3991 736 4054 -a'ooa
757 4000 787 4054 ot
808 3993 910 4056 -a'oeos
938 3995 1048 4057 suffixis
1073 3997 1216 4058 adiectiva
1236 3997 1406 4066 formantur,

271 4109 361 4152 -onua
381 4099 412 4152 et
432 4113 544 4154 -cucoc
572 4095 708 4169 stirpibus
737 4103 925 4158 conectuntur
942 4099 987 4158 ad
1016 4099 1158 4160 adiectiva
1184 4099 1326 4175 fingenda,
1355 4099 1408 4156 sed

271 4175 416 4255 rarissime
438 4197 474 4256 ab
501 4213 557 4257 una
579 4204 608 4256 ot
637 4197 737 4256 eadam
767 4200 857 4278 stirpe
887 4203 1032 4274 utriusque
1060 4200 1155 4260 suffixi
1182 4219 1237 4274 ope
1266 4201 1407 4260 adiectiva
