<?xml version="1.0" encoding="UTF-8"?>
<!DOCTYPE html PUBLIC "-//W3C//DTD XHTML 1.0 Transitional//EN"
    "http://www.w3.org/TR/xhtml1/DTD/xhtml1-transitional.dtd">
<html xmlns="http://www.w3.org/1999/xhtml" xml:lang="en" lang="en">
 <head>
  <title>
</title>
<meta http-equiv="Content-Type" content="text/html;charset=utf-8" />
  <meta name='ocr-system' content='tesseract 3.04.00' />
  <meta name='ocr-capabilities' content='ocr_page ocr_carea ocr_par ocr_line ocrx_word'/>
</head>
<body>
  <div class='ocr_page' id='page_1' title='image "./devarronianaver00stuegoog_0028.png"; bbox 0 0 2938 4832; ppageno 0'>
   <div class='ocr_carea' id='block_1_1' title="bbox 560 421 845 471">
    <p class='ocr_par' dir='ltr' id='par_1_1' title="bbox 560 421 845 471">
     <span class='ocr_line' id='line_1_1' title="bbox 560 421 845 471; baseline -0.007 -9"><span class='ocrx_word' id='word_1_1' title='bbox 560 423 583 471; x_wconf 69' lang='lat' dir='ltr'><strong>bi</strong></span> <span class='ocrx_word' id='word_1_2' title='bbox 596 423 749 464; x_wconf 62' lang='grc' dir='ltr'>ΡΕΜΙΝΙΝΔ,</span> <span class='ocrx_word' id='word_1_3' title='bbox 840 421 845 430; x_wconf 83' lang='grc'><em>“</em></span> 
     </span>
    </p>
   </div>
   <div class='ocr_carea' id='block_1_2' title="bbox 86 525 1222 812">
    <p class='ocr_par' dir='ltr' id='par_1_2' title="bbox 86 525 1222 812">
     <span class='ocr_line' id='line_1_2' title="bbox 172 525 1221 704; baseline -0.004 -14"><span class='ocrx_word' id='word_1_4' title='bbox 172 629 212 691; x_wconf 88' lang='lat' dir='ltr'><strong>Ut</strong></span> <span class='ocrx_word' id='word_1_5' title='bbox 237 630 273 704; x_wconf 87' lang='lat' dir='ltr'><strong>in</strong></span> <span class='ocrx_word' id='word_1_6' title='bbox 305 630 436 701; x_wconf 83' lang='lat' dir='ltr'><strong>proximo</strong></span> <span class='ocrx_word' id='word_1_7' title='bbox 449 666 451 674; x_wconf 36' lang='grc' dir='ltr'>ι</span> <span class='ocrx_word' id='word_1_8' title='bbox 465 525 752 702; x_wconf 48' lang='grc' dir='ltr'>ιιιὶιοιιιιιιὲςοιιιιο</span> <span class='ocrx_word' id='word_1_9' title='bbox 778 629 946 690; x_wconf 68' lang='lat' dir='ltr'><strong>umnam</strong></span> <span class='ocrx_word' id='word_1_10' title='bbox 967 631 1082 688; x_wconf 64' lang='lat' dir='ltr'><strong>nmina</strong></span> <span class='ocrx_word' id='word_1_11' title='bbox 1101 632 1132 688; x_wconf 92' lang='lat' dir='ltr'><strong>iu</strong></span> <span class='ocrx_word' id='word_1_12' title='bbox 1157 636 1221 686; x_wconf 66' lang='lat' dir='ltr'><strong>aar</strong></span> 
     </span>
     <span class='ocr_line' id='line_1_3' title="bbox 86 726 1222 812; baseline -0.002 -24"><span class='ocrx_word' id='word_1_13' title='bbox 86 731 254 790; x_wconf 68' lang='lat' dir='ltr'><strong>desinentia</strong></span> <span class='ocrx_word' id='word_1_14' title='bbox 262 733 379 800; x_wconf 82' lang='lat' dir='ltr'><strong>praeter</strong></span> <span class='ocrx_word' id='word_1_15' title='bbox 393 733 504 787; x_wconf 87' lang='lat' dir='ltr'><strong>ceteros</strong></span> <span class='ocrx_word' id='word_1_16' title='bbox 518 727 659 786; x_wconf 70' lang='lat' dir='ltr'><strong>omarum</strong></span> <span class='ocrx_word' id='word_1_17' title='bbox 670 728 826 801; x_wconf 73' lang='lat' dir='ltr'>docuimus,</span> <span class='ocrx_word' id='word_1_18' title='bbox 849 730 893 786; x_wconf 86' lang='lat' dir='ltr'><strong>sic</strong></span> <span class='ocrx_word' id='word_1_19' title='bbox 909 726 1052 812; x_wconf 76' lang='lat' dir='ltr'><strong>femininis</strong></span> <span class='ocrx_word' id='word_1_20' title='bbox 1073 729 1222 788; x_wconf 79' lang='lat' dir='ltr'><strong>tornutio·</strong></span> 
     </span>
    </p>
   </div>
   <div class='ocr_carea' id='block_1_3' title="bbox 86 826 1259 4294">
    <p class='ocr_par' dir='ltr' id='par_1_3' title="bbox 86 826 1259 4194">
     <span class='ocr_line' id='line_1_4' title="bbox 89 826 1221 904; baseline -0.006 -14"><span class='ocrx_word' id='word_1_21' title='bbox 89 829 175 892; x_wconf 89' lang='lat' dir='ltr'><strong>nibus</strong></span> <span class='ocrx_word' id='word_1_22' title='bbox 202 831 238 904; x_wconf 77' lang='lat' dir='ltr'><strong>iis</strong></span> <span class='ocrx_word' id='word_1_23' title='bbox 268 829 446 902; x_wconf 85' lang='lat' dir='ltr'><strong>potissimum</strong></span> <span class='ocrx_word' id='word_1_24' title='bbox 474 829 590 902; x_wconf 83' lang='lat' dir='ltr'><strong>linguae</strong></span> <span class='ocrx_word' id='word_1_25' title='bbox 622 829 734 902; x_wconf 83' lang='lat' dir='ltr'><strong>oopiem</strong></span> <span class='ocrx_word' id='word_1_26' title='bbox 769 828 865 888; x_wconf 82' lang='lat' dir='ltr'><strong>ditare</strong></span> <span class='ocrx_word' id='word_1_27' title='bbox 902 826 1048 900; x_wconf 73' lang='lat' dir='ltr'><strong>studebat,</strong></span> <span class='ocrx_word' id='word_1_28' title='bbox 1086 843 1171 900; x_wconf 77' lang='lat' dir='ltr'><strong>quae·</strong></span> <span class='ocrx_word' id='word_1_29' title='bbox 1191 828 1221 883; x_wconf 90' lang='lat' dir='ltr'><strong>in</strong></span> 
     </span>
     <span class='ocr_line' id='line_1_5' title="bbox 86 923 1221 1010; baseline -0.001 -26"><span class='ocrx_word' id='word_1_30' title='bbox 86 923 306 1006; x_wconf 65' lang='lat' dir='ltr'><strong>aiau-(oica)</strong></span> <span class='ocrx_word' id='word_1_31' title='bbox 322 927 455 1010; x_wconf 85' lang='lat' dir='ltr'><strong>cadentia</strong></span> <span class='ocrx_word' id='word_1_32' title='bbox 468 945 488 986; x_wconf 85' lang='lat' dir='ltr'><strong>a</strong></span> <span class='ocrx_word' id='word_1_33' title='bbox 506 927 601 986; x_wconf 82' lang='lat' dir='ltr'><strong>verbis</strong></span> <span class='ocrx_word' id='word_1_34' title='bbox 621 929 762 1006; x_wconf 77' lang='lat' dir='ltr'><strong>originem</strong></span> <span class='ocrx_word' id='word_1_35' title='bbox 781 928 887 988; x_wconf 85' lang='lat' dir='ltr'><strong>ducunt</strong></span> <span class='ocrx_word' id='word_1_36' title='bbox 908 929 1098 998; x_wconf 82' lang='lat' dir='ltr'><strong>eorumque-ri</strong></span> <span class='ocrx_word' id='word_1_37' title='bbox 1117 928 1221 998; x_wconf 87' lang='lat' dir='ltr'><strong>primi-</strong></span> 
     </span>
     <span class='ocr_line' id='line_1_6' title="bbox 87 1026 1223 1104; baseline -0.003 -17"><span class='ocrx_word' id='word_1_38' title='bbox 87 1031 148 1087; x_wconf 84' lang='lat' dir='ltr'><strong>tiva</strong></span> <span class='ocrx_word' id='word_1_39' title='bbox 169 1030 215 1088; x_wconf 86' lang='lat' dir='ltr'><strong>ita.</strong></span> <span class='ocrx_word' id='word_1_40' title='bbox 239 1029 404 1100; x_wconf 89' lang='lat' dir='ltr'><strong>induuntur,</strong></span> <span class='ocrx_word' id='word_1_41' title='bbox 437 1034 471 1088; x_wconf 92' lang='lat' dir='ltr'><strong>ut</strong></span> <span class='ocrx_word' id='word_1_42' title='bbox 500 1029 645 1086; x_wconf 73' lang='lat' dir='ltr'><strong>nomnen</strong></span> <span class='ocrx_word' id='word_1_43' title='bbox 679 1029 783 1104; x_wconf 79' lang='lat' dir='ltr'><strong>agendi</strong></span> <span class='ocrx_word' id='word_1_44' title='bbox 815 1045 889 1102; x_wconf 84' lang='lat' dir='ltr'><strong>prae·</strong></span> <span class='ocrx_word' id='word_1_45' title='bbox 911 1045 942 1088; x_wconf 86' lang='lat' dir='ltr'><strong>se</strong></span> <span class='ocrx_word' id='word_1_46' title='bbox 970 1026 1073 1086; x_wconf 79' lang='lat' dir='ltr'><strong>ferant·</strong></span> <span class='ocrx_word' id='word_1_47' title='bbox 1116 1026 1223 1098; x_wconf 79' lang='lat' dir='ltr'>Quibus</span> 
     </span>
     <span class='ocr_line' id='line_1_7' title="bbox 88 1126 1222 1200; baseline -0.003 -15"><span class='ocrx_word' id='word_1_48' title='bbox 88 1130 235 1200; x_wconf 84' lang='lat' dir='ltr'><strong>simillima</strong></span> <span class='ocrx_word' id='word_1_49' title='bbox 267 1136 337 1188; x_wconf 92' lang='lat' dir='ltr'><strong>sunt</strong></span> <span class='ocrx_word' id='word_1_50' title='bbox 355 1128 538 1188; x_wconf 80' lang='lat' dir='ltr'><strong>substantiva</strong></span> <span class='ocrx_word' id='word_1_51' title='bbox 564 1129 594 1186; x_wconf 88' lang='lat' dir='ltr'><strong>in</strong></span> <span class='ocrx_word' id='word_1_52' title='bbox 618 1133 704 1194; x_wconf 81' lang='lat' dir='ltr'><strong>-tara</strong></span> <span class='ocrx_word' id='word_1_53' title='bbox 726 1130 868 1195; x_wconf 84' lang='lat' dir='ltr'><strong>exeuntia,</strong></span> <span class='ocrx_word' id='word_1_54' title='bbox 897 1145 970 1200; x_wconf 83' lang='lat' dir='ltr'><strong>quse</strong></span> <span class='ocrx_word' id='word_1_55' title='bbox 1000 1132 1137 1200; x_wconf 88' lang='lat' dir='ltr'><strong>quantum</strong></span> <span class='ocrx_word' id='word_1_56' title='bbox 1163 1126 1222 1198; x_wconf 91' lang='lat' dir='ltr'><strong>pri·</strong></span> 
     </span>
     <span class='ocr_line' id='line_1_8' title="bbox 87 1224 1222 1300; baseline -0.007 -12"><span class='ocrx_word' id='word_1_57' title='bbox 87 1232 175 1290; x_wconf 86' lang='lat' dir='ltr'><strong>mitns</strong></span> <span class='ocrx_word' id='word_1_58' title='bbox 196 1229 233 1287; x_wconf 88' lang='lat' dir='ltr'><strong>ab</strong></span> <span class='ocrx_word' id='word_1_59' title='bbox 253 1230 310 1288; x_wconf 88' lang='lat' dir='ltr'><strong>illis</strong></span> <span class='ocrx_word' id='word_1_60' title='bbox 332 1229 507 1300; x_wconf 66' lang='lat' dir='ltr'><strong>distulerint,</strong></span> <span class='ocrx_word' id='word_1_61' title='bbox 522 1227 569 1284; x_wconf 59' lang='lat' dir='ltr'><strong>,ita</strong></span> <span class='ocrx_word' id='word_1_62' title='bbox 591 1241 627 1286; x_wconf 84' lang='lat' dir='ltr'><strong>ex</strong></span> <span class='ocrx_word' id='word_1_63' title='bbox 639 1226 784 1286; x_wconf 86' lang='lat' dir='ltr'><strong>hominnm</strong></span> <span class='ocrx_word' id='word_1_64' title='bbox 801 1229 936 1286; x_wconf 86' lang='lat' dir='ltr'><strong>memoria</strong></span> <span class='ocrx_word' id='word_1_65' title='bbox 951 1227 1063 1286; x_wconf 85' lang='lat' dir='ltr'><strong>videtur</strong></span> <span class='ocrx_word' id='word_1_66' title='bbox 1074 1224 1222 1292; x_wconf 76' lang='lat' dir='ltr'><strong>excidisse,</strong></span> 
     </span>
     <span class='ocr_line' id='line_1_9' title="bbox 87 1309 1223 1401; baseline -0.006 -15"><span class='ocrx_word' id='word_1_67' title='bbox 87 1334 123 1386; x_wconf 88' lang='lat' dir='ltr'><strong>ut</strong></span> <span class='ocrx_word' id='word_1_68' title='bbox 145 1309 296 1401; x_wconf 53' lang='lat' dir='ltr'><strong>saepem,</strong></span> <span class='ocrx_word' id='word_1_69' title='bbox 312 1327 410 1390; x_wconf 88' lang='lat' dir='ltr'><strong>eadem</strong></span> <span class='ocrx_word' id='word_1_70' title='bbox 429 1328 524 1399; x_wconf 82' lang='lat' dir='ltr'><strong>stirpe.</strong></span> <span class='ocrx_word' id='word_1_71' title='bbox 540 1327 687 1399; x_wconf 83' lang='lat' dir='ltr'><strong>utriusque</strong></span> <span class='ocrx_word' id='word_1_72' title='bbox 707 1328 820 1400; x_wconf 81' lang='lat' dir='ltr'><strong>generis</strong></span> <span class='ocrx_word' id='word_1_73' title='bbox 841 1327 957 1386; x_wconf 84' lang='lat' dir='ltr'><strong>nomina</strong></span> <span class='ocrx_word' id='word_1_74' title='bbox 985 1328 1046 1384; x_wconf 90' lang='lat' dir='ltr'><strong>siue</strong></span> <span class='ocrx_word' id='word_1_75' title='bbox 1074 1325 1133 1384; x_wconf 88' lang='lat' dir='ltr'><strong>nilo</strong></span> <span class='ocrx_word' id='word_1_76' title='bbox 1160 1321 1223 1381; x_wconf 81' lang='lat' dir='ltr'><strong>iere</strong></span> 
     </span>
     <span class='ocr_line' id='line_1_10' title="bbox 92 1419 1223 1502; baseline -0.006 -16"><span class='ocrx_word' id='word_1_77' title='bbox 92 1427 308 1502; x_wconf 82' lang='lat' dir='ltr'><strong>significationis</strong></span> <span class='ocrx_word' id='word_1_78' title='bbox 322 1428 482 1487; x_wconf 78' lang='lat' dir='ltr'><strong>discrimine</strong></span> <span class='ocrx_word' id='word_1_79' title='bbox 494 1428 703 1502; x_wconf 65' lang='lat' dir='ltr'><strong>derivarentur,</strong></span> <span class='ocrx_word' id='word_1_80' title='bbox 726 1426 805 1484; x_wconf 84' lang='lat' dir='ltr'><strong>uelut</strong></span> <span class='ocrx_word' id='word_1_81' title='bbox 826 1419 1223 1490; x_wconf 48' lang='lat' dir='ltr'><strong>admodo-admiscere</strong></span> 
     </span>
     <span class='ocr_line' id='line_1_11' title="bbox 91 1521 1227 1609; baseline -0.005 -25"><span class='ocrx_word' id='word_1_82' title='bbox 91 1521 382 1600; x_wconf 79' lang='lat' dir='ltr'><strong>cultio-caltara;</strong></span> <span class='ocrx_word' id='word_1_83' title='bbox 393 1523 535 1586; x_wconf 78' lang='lat' dir='ltr'><strong>curvatio</strong></span> <span class='ocrx_word' id='word_1_84' title='bbox 546 1559 584 1569; x_wconf 97' lang='lat'>-</span> <span class='ocrx_word' id='word_1_85' title='bbox 595 1532 767 1588; x_wconf 78' lang='lat' dir='ltr'><strong>curvatura</strong></span> <span class='ocrx_word' id='word_1_86' title='bbox 777 1546 784 1598; x_wconf 92' lang='grc'>;</span> <span class='ocrx_word' id='word_1_87' title='bbox 795 1521 942 1584; x_wconf 80' lang='lat' dir='ltr'><strong>carsc‘o—</strong></span> <span class='ocrx_word' id='word_1_88' title='bbox 954 1531 1149 1609; x_wconf 82' lang='lat' dir='ltr'><strong>carearaetc.</strong></span> <span class='ocrx_word' id='word_1_89' title='bbox 1171 1521 1227 1580; x_wconf 78' lang='lat' dir='ltr'><strong>Est</strong></span> 
     </span>
     <span class='ocr_line' id='line_1_12' title="bbox 88 1616 1225 1708; baseline -0.008 -21"><span class='ocrx_word' id='word_1_90' title='bbox 88 1635 185 1687; x_wconf 88' lang='lat' dir='ltr'><strong>autem</strong></span> <span class='ocrx_word' id='word_1_91' title='bbox 206 1630 302 1687; x_wconf 86' lang='lat' dir='ltr'><strong>nativa</strong></span> <span class='ocrx_word' id='word_1_92' title='bbox 324 1630 401 1686; x_wconf 86' lang='lat' dir='ltr'><strong>iuter</strong></span> <span class='ocrx_word' id='word_1_93' title='bbox 421 1629 492 1686; x_wconf 86' lang='lat' dir='ltr'><strong>baec</strong></span> <span class='ocrx_word' id='word_1_94' title='bbox 513 1629 569 1687; x_wconf 93' lang='lat' dir='ltr'><strong>duo</strong></span> <span class='ocrx_word' id='word_1_95' title='bbox 591 1627 754 1688; x_wconf 66' lang='lat' dir='ltr'><strong>miserentis</strong></span> <span class='ocrx_word' id='word_1_96' title='bbox 764 1625 845 1697; x_wconf 81' lang='lat' dir='ltr'><strong>bueo,</strong></span> <span class='ocrx_word' id='word_1_97' title='bbox 857 1632 898 1692; x_wconf 91' lang='lat' dir='ltr'><strong>ut,</strong></span> <span class='ocrx_word' id='word_1_98' title='bbox 911 1641 974 1683; x_wconf 92' lang='lat' dir='ltr'><strong>oum</strong></span> <span class='ocrx_word' id='word_1_99' title='bbox 985 1621 1096 1683; x_wconf 82' lang='lat' dir='ltr'><strong>formae</strong></span> <span class='ocrx_word' id='word_1_100' title='bbox 1109 1625 1139 1708; x_wconf 82' lang='lat' dir='ltr'><strong>in</strong></span> <span class='ocrx_word' id='word_1_101' title='bbox 1147 1616 1225 1704; x_wconf 60' lang='lat' dir='ltr'><strong>-uou</strong></span> 
     </span>
     <span class='ocr_line' id='line_1_13' title="bbox 91 1722 1225 1792; baseline -0.007 -6"><span class='ocrx_word' id='word_1_102' title='bbox 91 1729 254 1786; x_wconf 85' lang='lat' dir='ltr'><strong>desinentes</strong></span> <span class='ocrx_word' id='word_1_103' title='bbox 288 1725 369 1786; x_wconf 90' lang='lat' dir='ltr'><strong>verbi</strong></span> <span class='ocrx_word' id='word_1_104' title='bbox 406 1729 550 1786; x_wconf 77' lang='lat' dir='ltr'><strong>actionem</strong></span> <span class='ocrx_word' id='word_1_105' title='bbox 585 1728 673 1787; x_wconf 90' lang='lat' dir='ltr'><strong>semel</strong></span> <span class='ocrx_word' id='word_1_106' title='bbox 704 1727 810 1786; x_wconf 81' lang='lat' dir='ltr'><strong>factem</strong></span> <span class='ocrx_word' id='word_1_107' title='bbox 837 1726 979 1792; x_wconf 88' lang='lat' dir='ltr'><strong>indicent,</strong></span> <span class='ocrx_word' id='word_1_108' title='bbox 1013 1722 1113 1784; x_wconf 86' lang='lat' dir='ltr'><strong>suffixo</strong></span> <span class='ocrx_word' id='word_1_109' title='bbox 1139 1729 1225 1780; x_wconf 87' lang='lat' dir='ltr'><strong>-tara</strong></span> 
     </span>
     <span class='ocr_line' id='line_1_14' title="bbox 89 1822 1225 1909; baseline -0.005 -25"><span class='ocrx_word' id='word_1_110' title='bbox 89 1845 154 1885; x_wconf 90' lang='lat' dir='ltr'><strong>eam</strong></span> <span class='ocrx_word' id='word_1_111' title='bbox 175 1829 283 1886; x_wconf 89' lang='lat' dir='ltr'><strong>iterum</strong></span> <span class='ocrx_word' id='word_1_112' title='bbox 303 1830 350 1886; x_wconf 84' lang='lat' dir='ltr'><strong>uel</strong></span> <span class='ocrx_word' id='word_1_113' title='bbox 369 1832 535 1904; x_wconf 85' lang='lat' dir='ltr'><strong>constanter</strong></span> <span class='ocrx_word' id='word_1_114' title='bbox 556 1827 619 1886; x_wconf 89' lang='lat' dir='ltr'><strong>fieri</strong></span> <span class='ocrx_word' id='word_1_115' title='bbox 641 1829 826 1900; x_wconf 82' lang='lat' dir='ltr'><strong>exprimatur.</strong></span> <span class='ocrx_word' id='word_1_116' title='bbox 862 1827 958 1898; x_wconf 85' lang='lat' dir='ltr'><strong>Atque</strong></span> <span class='ocrx_word' id='word_1_117' title='bbox 980 1842 1016 1884; x_wconf 86' lang='lat' dir='ltr'><strong>ex</strong></span> <span class='ocrx_word' id='word_1_118' title='bbox 1035 1822 1225 1909; x_wconf 84' lang='lat' dir='ltr'><strong>baciterandi</strong></span> 
     </span>
     <span class='ocr_line' id='line_1_15' title="bbox 88 1913 1225 2002; baseline -0.007 -16"><span class='ocrx_word' id='word_1_119' title='bbox 88 1927 296 2002; x_wconf 79' lang='lat' dir='ltr'><strong>significatione</strong></span> <span class='ocrx_word' id='word_1_120' title='bbox 317 1927 394 1986; x_wconf 85' lang='lat' dir='ltr'><strong>hand</strong></span> <span class='ocrx_word' id='word_1_121' title='bbox 415 1944 482 1985; x_wconf 82' lang='lat' dir='ltr'><strong>raro</strong></span> <span class='ocrx_word' id='word_1_122' title='bbox 503 1929 596 1984; x_wconf 89' lang='lat' dir='ltr'><strong>oritur</strong></span> <span class='ocrx_word' id='word_1_123' title='bbox 618 1928 697 1984; x_wconf 92' lang='lat' dir='ltr'><strong>notio</strong></span> <span class='ocrx_word' id='word_1_124' title='bbox 718 1913 847 1984; x_wconf 64' lang='lat' dir='ltr'><strong>⁴muneris</strong></span> <span class='ocrx_word' id='word_1_125' title='bbox 869 1926 912 1983; x_wconf 88' lang='lat' dir='ltr'><strong>vel</strong></span> <span class='ocrx_word' id='word_1_126' title='bbox 932 1923 1019 1983; x_wconf 81' lang='lat' dir='ltr'><strong>officii</strong></span> <span class='ocrx_word' id='word_1_127' title='bbox 1039 1925 1089 1990; x_wconf 79' lang='lat' dir='ltr'><strong>ita,</strong></span> <span class='ocrx_word' id='word_1_128' title='bbox 1110 1929 1143 1981; x_wconf 93' lang='lat' dir='ltr'><strong>ut</strong></span> <span class='ocrx_word' id='word_1_129' title='bbox 1157 1939 1225 1979; x_wconf 84' lang='lat' dir='ltr'><strong>eeu·</strong></span> 
     </span>
     <span class='ocr_line' id='line_1_16' title="bbox 87 2021 1226 2104; baseline -0.002 -23"><span class='ocrx_word' id='word_1_130' title='bbox 87 2045 167 2084; x_wconf 86' lang='lat' dir='ltr'><strong>sura</strong></span> <span class='ocrx_word' id='word_1_131' title='bbox 196 2029 234 2084; x_wconf 89' lang='lat' dir='ltr'><strong>sit</strong></span> <span class='ocrx_word' id='word_1_132' title='bbox 261 2043 362 2085; x_wconf 90' lang='lat' dir='ltr'><strong>munus</strong></span> <span class='ocrx_word' id='word_1_133' title='bbox 385 2029 529 2085; x_wconf 88' lang='lat' dir='ltr'><strong>censentis</strong></span> <span class='ocrx_word' id='word_1_134' title='bbox 550 2030 569 2087; x_wconf 88' lang='lat' dir='ltr'><strong>i.</strong></span> <span class='ocrx_word' id='word_1_135' title='bbox 592 2043 618 2085; x_wconf 89' lang='lat' dir='ltr'><strong>e.</strong></span> <span class='ocrx_word' id='word_1_136' title='bbox 640 2029 780 2095; x_wconf 87' lang='lat' dir='ltr'><strong>censoris;</strong></span> <span class='ocrx_word' id='word_1_137' title='bbox 800 2021 927 2104; x_wconf 77' lang='lat' dir='ltr'><strong>pictura</strong></span> <span class='ocrx_word' id='word_1_138' title='bbox 956 2041 1055 2082; x_wconf 91' lang='lat' dir='ltr'><strong>munus</strong></span> <span class='ocrx_word' id='word_1_139' title='bbox 1082 2024 1226 2096; x_wconf 83' lang='lat' dir='ltr'><strong>pingentis</strong></span> 
     </span>
     <span class='ocr_line' id='line_1_17' title="bbox 88 2123 1225 2199; baseline -0.002 -17"><span class='ocrx_word' id='word_1_140' title='bbox 88 2129 108 2182; x_wconf 92' lang='lat' dir='ltr'><strong>i.</strong></span> <span class='ocrx_word' id='word_1_141' title='bbox 134 2144 158 2185; x_wconf 88' lang='lat' dir='ltr'><strong>e.</strong></span> <span class='ocrx_word' id='word_1_142' title='bbox 180 2127 309 2199; x_wconf 78' lang='lat' dir='ltr'><strong>pictoris,</strong></span> <span class='ocrx_word' id='word_1_143' title='bbox 352 2124 489 2186; x_wconf 84' lang='lat' dir='ltr'><strong>Suffixum</strong></span> <span class='ocrx_word' id='word_1_144' title='bbox 512 2131 705 2184; x_wconf 82' lang='lat' dir='ltr'><strong>autem-turc</strong></span> <span class='ocrx_word' id='word_1_145' title='bbox 725 2143 743 2183; x_wconf 85' lang='lat' dir='ltr'><strong>a</strong></span> <span class='ocrx_word' id='word_1_146' title='bbox 765 2133 827 2182; x_wconf 76' lang='grc' dir='ltr'><strong>-ιον</strong></span> <span class='ocrx_word' id='word_1_147' title='bbox 848 2123 988 2198; x_wconf 87' lang='lat' dir='ltr'><strong>proficisci</strong></span> <span class='ocrx_word' id='word_1_148' title='bbox 1015 2124 1108 2182; x_wconf 89' lang='lat' dir='ltr'><strong>solere</strong></span> <span class='ocrx_word' id='word_1_149' title='bbox 1128 2138 1225 2196; x_wconf 85' lang='lat' dir='ltr'><strong>quam-</strong></span> 
     </span>
     <span class='ocr_line' id='line_1_18' title="bbox 90 2213 1227 2298; baseline -0.005 -14"><span class='ocrx_word' id='word_1_150' title='bbox 90 2243 176 2298; x_wconf 85' lang='lat' dir='ltr'><strong>quem</strong></span> <span class='ocrx_word' id='word_1_151' title='bbox 211 2213 282 2285; x_wconf 81' lang='lat' dir='ltr'><strong>sutis</strong></span> <span class='ocrx_word' id='word_1_152' title='bbox 311 2227 390 2285; x_wconf 84' lang='lat' dir='ltr'><strong>inter</strong></span> <span class='ocrx_word' id='word_1_153' title='bbox 418 2243 517 2288; x_wconf 87' lang='lat' dir='ltr'><strong>omnes</strong></span> <span class='ocrx_word' id='word_1_154' title='bbox 553 2232 679 2298; x_wconf 82' lang='lat' dir='ltr'><strong>constet,</strong></span> <span class='ocrx_word' id='word_1_155' title='bbox 717 2233 813 2286; x_wconf 77' lang='lat' dir='ltr'><strong>tumen</strong></span> <span class='ocrx_word' id='word_1_156' title='bbox 843 2227 900 2285; x_wconf 87' lang='lat' dir='ltr'><strong>iam</strong></span> <span class='ocrx_word' id='word_1_157' title='bbox 931 2223 1132 2295; x_wconf 79' lang='lat' dir='ltr'><strong>antiquissimis</strong></span> <span class='ocrx_word' id='word_1_158' title='bbox 1173 2222 1227 2279; x_wconf 92' lang='lat' dir='ltr'><strong>lin·</strong></span> 
     </span>
     <span class='ocr_line' id='line_1_19' title="bbox 90 2315 1228 2400; baseline -0.004 -17"><span class='ocrx_word' id='word_1_159' title='bbox 90 2342 164 2397; x_wconf 78' lang='lat' dir='ltr'><strong>gnae</strong></span> <span class='ocrx_word' id='word_1_160' title='bbox 191 2325 296 2385; x_wconf 80' lang='lat' dir='ltr'><strong>latinae</strong></span> <span class='ocrx_word' id='word_1_161' title='bbox 318 2326 493 2400; x_wconf 87' lang='lat' dir='ltr'><strong>temporibus</strong></span> <span class='ocrx_word' id='word_1_162' title='bbox 523 2325 595 2384; x_wconf 88' lang='lat' dir='ltr'><strong>iilud</strong></span> <span class='ocrx_word' id='word_1_163' title='bbox 614 2343 666 2400; x_wconf 90' lang='lat' dir='ltr'><strong>per</strong></span> <span class='ocrx_word' id='word_1_164' title='bbox 698 2342 728 2384; x_wconf 88' lang='lat' dir='ltr'><strong>se</strong></span> <span class='ocrx_word' id='word_1_165' title='bbox 757 2327 851 2398; x_wconf 89' lang='lat' dir='ltr'><strong>ipsum</strong></span> <span class='ocrx_word' id='word_1_166' title='bbox 882 2341 918 2384; x_wconf 86' lang='lat' dir='ltr'><strong>ex</strong></span> <span class='ocrx_word' id='word_1_167' title='bbox 956 2315 1092 2395; x_wconf 82' lang='lat' dir='ltr'><strong>stirpibus</strong></span> <span class='ocrx_word' id='word_1_168' title='bbox 1128 2320 1228 2380; x_wconf 78' lang='lat' dir='ltr'><strong>verbu·</strong></span> 
     </span>
     <span class='ocr_line' id='line_1_20' title="bbox 90 2413 1228 2497; baseline -0.004 -15"><span class='ocrx_word' id='word_1_169' title='bbox 90 2423 168 2482; x_wconf 90' lang='lat' dir='ltr'><strong>libus</strong></span> <span class='ocrx_word' id='word_1_170' title='bbox 197 2426 373 2486; x_wconf 82' lang='lat' dir='ltr'><strong>substantiva</strong></span> <span class='ocrx_word' id='word_1_171' title='bbox 394 2423 509 2485; x_wconf 82' lang='lat' dir='ltr'><strong>finxisse</strong></span> <span class='ocrx_word' id='word_1_172' title='bbox 534 2426 600 2485; x_wconf 83' lang='lat' dir='ltr'><strong>inde</strong></span> <span class='ocrx_word' id='word_1_173' title='bbox 622 2413 754 2497; x_wconf 82' lang='lat' dir='ltr'><strong>efficitur,</strong></span> <span class='ocrx_word' id='word_1_174' title='bbox 777 2425 854 2497; x_wconf 88' lang='lat' dir='ltr'><strong>qnod</strong></span> <span class='ocrx_word' id='word_1_175' title='bbox 876 2425 953 2482; x_wconf 85' lang='lat' dir='ltr'><strong>haud</strong></span> <span class='ocrx_word' id='word_1_176' title='bbox 976 2440 1070 2497; x_wconf 81' lang='lat' dir='ltr'><strong>pauca</strong></span> <span class='ocrx_word' id='word_1_177' title='bbox 1090 2420 1228 2481; x_wconf 85' lang='lat' dir='ltr'><strong>vocabula</strong></span> 
     </span>
     <span class='ocr_line' id='line_1_21' title="bbox 90 2519 1230 2599; baseline -0.003 -18"><span class='ocrx_word' id='word_1_178' title='bbox 90 2526 122 2580; x_wconf 91' lang='lat' dir='ltr'><strong>iu</strong></span> <span class='ocrx_word' id='word_1_179' title='bbox 148 2531 233 2582; x_wconf 69' lang='lat' dir='ltr'><strong>dara</strong></span> <span class='ocrx_word' id='word_1_180' title='bbox 259 2519 392 2585; x_wconf 82' lang='lat' dir='ltr'><strong>exeuntia</strong></span> <span class='ocrx_word' id='word_1_181' title='bbox 413 2531 527 2598; x_wconf 86' lang='lat' dir='ltr'><strong>extant,</strong></span> <span class='ocrx_word' id='word_1_182' title='bbox 564 2525 665 2599; x_wconf 88' lang='lat' dir='ltr'><strong>quibus</strong></span> <span class='ocrx_word' id='word_1_183' title='bbox 694 2525 820 2584; x_wconf 89' lang='lat' dir='ltr'><strong>eiusdem</strong></span> <span class='ocrx_word' id='word_1_184' title='bbox 851 2525 947 2597; x_wconf 89' lang='lat' dir='ltr'><strong>stirpis</strong></span> <span class='ocrx_word' id='word_1_185' title='bbox 974 2523 1081 2583; x_wconf 80' lang='lat' dir='ltr'><strong>formae</strong></span> <span class='ocrx_word' id='word_1_186' title='bbox 1102 2524 1132 2580; x_wconf 94' lang='lat' dir='ltr'><strong>in</strong></span> <span class='ocrx_word' id='word_1_187' title='bbox 1168 2529 1230 2578; x_wconf 83' lang='lat' dir='ltr'><strong>-eor</strong></span> 
     </span>
     <span class='ocr_line' id='line_1_22' title="bbox 91 2595 1230 2700; baseline -0.001 -20"><span class='ocrx_word' id='word_1_188' title='bbox 91 2627 121 2680; x_wconf 88' lang='lat' dir='ltr'><strong>iu</strong></span> <span class='ocrx_word' id='word_1_189' title='bbox 155 2625 269 2698; x_wconf 73' lang='lat' dir='ltr'><strong>linguae</strong></span> <span class='ocrx_word' id='word_1_190' title='bbox 298 2627 404 2686; x_wconf 85' lang='lat' dir='ltr'><strong>latinae</strong></span> <span class='ocrx_word' id='word_1_191' title='bbox 436 2627 535 2700; x_wconf 86' lang='lat' dir='ltr'><strong>eopia,</strong></span> <span class='ocrx_word' id='word_1_192' title='bbox 564 2641 649 2700; x_wconf 84' lang='lat' dir='ltr'><strong>quum</strong></span> <span class='ocrx_word' id='word_1_193' title='bbox 679 2641 733 2684; x_wconf 89' lang='lat' dir='ltr'><strong>nos</strong></span> <span class='ocrx_word' id='word_1_194' title='bbox 761 2595 875 2699; x_wconf 59' lang='lat' dir='ltr'><strong>ffuidem</strong></span> <span class='ocrx_word' id='word_1_195' title='bbox 903 2625 1048 2694; x_wconf 83' lang='lat' dir='ltr'><strong>novimus,</strong></span> <span class='ocrx_word' id='word_1_196' title='bbox 1084 2637 1141 2680; x_wconf 88' lang='lat' dir='ltr'><strong>non</strong></span> <span class='ocrx_word' id='word_1_197' title='bbox 1170 2638 1230 2680; x_wconf 88' lang='lat' dir='ltr'><strong>res·</strong></span> 
     </span>
     <span class='ocr_line' id='line_1_23' title="bbox 92 2721 1230 2800; baseline -0.004 -19"><span class='ocrx_word' id='word_1_198' title='bbox 92 2725 246 2796; x_wconf 72' lang='lat' dir='ltr'><strong>condant,</strong></span> <span class='ocrx_word' id='word_1_199' title='bbox 270 2726 347 2784; x_wconf 88' lang='lat' dir='ltr'><strong>velut</strong></span> <span class='ocrx_word' id='word_1_200' title='bbox 368 2733 548 2798; x_wconf 54' lang='lat' dir='ltr'><strong>armatura&gt;</strong></span> <span class='ocrx_word' id='word_1_201' title='bbox 571 2741 711 2796; x_wconf 85' lang='lat' dir='ltr'><strong>caesura,</strong></span> <span class='ocrx_word' id='word_1_202' title='bbox 734 2721 876 2800; x_wconf 58' lang='lat' dir='ltr'><strong>matura,</strong></span> <span class='ocrx_word' id='word_1_203' title='bbox 898 2741 999 2782; x_wconf 82' lang='lat' dir='ltr'><strong>asara</strong></span> <span class='ocrx_word' id='word_1_204' title='bbox 1021 2724 1136 2788; x_wconf 85' lang='lat' dir='ltr'><strong>etalio,</strong></span> <span class='ocrx_word' id='word_1_205' title='bbox 1158 2737 1230 2794; x_wconf 79' lang='lat' dir='ltr'><strong>quse</strong></span> 
     </span>
     <span class='ocr_line' id='line_1_24' title="bbox 98 2816 1230 2904; baseline -0.004 -22"><span class='ocrx_word' id='word_1_206' title='bbox 98 2826 225 2887; x_wconf 76' lang='lat' dir='ltr'><strong>enatavit</strong></span> <span class='ocrx_word' id='word_1_207' title='bbox 240 2817 279 2880; x_wconf 80' lang='lat' dir='ltr'><strong>L.</strong></span> <span class='ocrx_word' id='word_1_208' title='bbox 297 2816 406 2904; x_wconf 71' lang='lat' dir='ltr'><strong>Meyer</strong></span> <span class='ocrx_word' id='word_1_209' title='bbox 421 2827 518 2900; x_wconf 81' lang='lat' dir='ltr'><strong>Vergl.</strong></span> <span class='ocrx_word' id='word_1_210' title='bbox 536 2825 662 2885; x_wconf 78' lang='lat' dir='ltr'><strong>Granum.</strong></span> <span class='ocrx_word' id='word_1_211' title='bbox 684 2825 713 2883; x_wconf 93' lang='grc' dir='ltr'>Π</span> <span class='ocrx_word' id='word_1_212' title='bbox 734 2842 762 2897; x_wconf 88' lang='lat' dir='ltr'><strong>p.</strong></span> <span class='ocrx_word' id='word_1_213' title='bbox 787 2825 858 2883; x_wconf 80' lang='lat'><strong>352.</strong></span> <span class='ocrx_word' id='word_1_214' title='bbox 904 2824 1050 2882; x_wconf 90' lang='lat' dir='ltr'><strong>Interdum</strong></span> <span class='ocrx_word' id='word_1_215' title='bbox 1064 2823 1106 2893; x_wconf 87' lang='lat' dir='ltr'><strong>fit,</strong></span> <span class='ocrx_word' id='word_1_216' title='bbox 1122 2827 1154 2880; x_wconf 90' lang='lat' dir='ltr'><strong>ut</strong></span> <span class='ocrx_word' id='word_1_217' title='bbox 1181 2820 1230 2878; x_wconf 90' lang='lat' dir='ltr'><strong>ubi</strong></span> 
     </span>
     <span class='ocr_line' id='line_1_25' title="bbox 95 2909 1259 2998; baseline -0.005 -16"><span class='ocrx_word' id='word_1_218' title='bbox 95 2932 217 2998; x_wconf 85' lang='lat' dir='ltr'><strong>utraque</strong></span> <span class='ocrx_word' id='word_1_219' title='bbox 253 2924 346 2983; x_wconf 83' lang='lat' dir='ltr'><strong>forms</strong></span> <span class='ocrx_word' id='word_1_220' title='bbox 376 2926 536 2996; x_wconf 87' lang='lat' dir='ltr'><strong>invenitur,</strong></span> <span class='ocrx_word' id='word_1_221' title='bbox 572 2928 665 2986; x_wconf 83' lang='lat' dir='ltr'><strong>ultera</strong></span> <span class='ocrx_word' id='word_1_222' title='bbox 680 2927 722 2984; x_wconf 78' lang='lat' dir='ltr'><strong>in</strong></span> <span class='ocrx_word' id='word_1_223' title='bbox 752 2931 813 2981; x_wconf 86' lang='lat' dir='ltr'><strong>-tor</strong></span> <span class='ocrx_word' id='word_1_224' title='bbox 841 2925 975 2982; x_wconf 85' lang='lat' dir='ltr'><strong>desinens</strong></span> <span class='ocrx_word' id='word_1_225' title='bbox 1007 2935 1071 2980; x_wconf 86' lang='lat' dir='ltr'><strong>oum</strong></span> <span class='ocrx_word' id='word_1_226' title='bbox 1105 2920 1227 2980; x_wconf 77' lang='lat' dir='ltr'><strong>fortasse</strong></span> <span class='ocrx_word' id='word_1_227' title='bbox 1252 2909 1259 2920; x_wconf 76' lang='grc'><strong>”</strong></span> 
     </span>
     <span class='ocr_line' id='line_1_26' title="bbox 92 3007 1230 3096; baseline -0.003 -15"><span class='ocrx_word' id='word_1_228' title='bbox 92 3029 127 3094; x_wconf 78' lang='lat' dir='ltr'><strong>in</strong></span> <span class='ocrx_word' id='word_1_229' title='bbox 147 3025 256 3096; x_wconf 40' lang='lat' dir='ltr'><strong>slinguu</strong></span> <span class='ocrx_word' id='word_1_230' title='bbox 290 3024 398 3095; x_wconf 79' lang='lat' dir='ltr'><strong>vulgari</strong></span> <span class='ocrx_word' id='word_1_231' title='bbox 427 3007 567 3096; x_wconf 81' lang='lat' dir='ltr'><strong>extiterit,</strong></span> <span class='ocrx_word' id='word_1_232' title='bbox 599 3027 631 3082; x_wconf 82' lang='lat' dir='ltr'><strong>iu</strong></span> <span class='ocrx_word' id='word_1_233' title='bbox 657 3028 818 3084; x_wconf 86' lang='lat' dir='ltr'><strong>litterarum</strong></span> <span class='ocrx_word' id='word_1_234' title='bbox 850 3024 1042 3083; x_wconf 85' lang='lat' dir='ltr'><strong>monumentis</strong></span> <span class='ocrx_word' id='word_1_235' title='bbox 1074 3039 1132 3080; x_wconf 91' lang='lat' dir='ltr'><strong>non</strong></span> <span class='ocrx_word' id='word_1_236' title='bbox 1161 3027 1230 3080; x_wconf 90' lang='lat' dir='ltr'><strong>ante</strong></span> 
     </span>
     <span class='ocr_line' id='line_1_27' title="bbox 92 3123 1231 3196; baseline 0 -16"><span class='ocrx_word' id='word_1_237' title='bbox 92 3124 220 3183; x_wconf 83' lang='lat' dir='ltr'><strong>infimam</strong></span> <span class='ocrx_word' id='word_1_238' title='bbox 239 3123 355 3196; x_wconf 83' lang='lat' dir='ltr'><strong>liuguae</strong></span> <span class='ocrx_word' id='word_1_239' title='bbox 374 3124 481 3181; x_wconf 85' lang='lat' dir='ltr'><strong>latinae</strong></span> <span class='ocrx_word' id='word_1_240' title='bbox 502 3127 625 3183; x_wconf 87' lang='lat' dir='ltr'><strong>aetatem</strong></span> <span class='ocrx_word' id='word_1_241' title='bbox 646 3130 787 3195; x_wconf 77' lang='lat' dir='ltr'><strong>occurrat,</strong></span> <span class='ocrx_word' id='word_1_242' title='bbox 809 3126 902 3184; x_wconf 83' lang='lat' dir='ltr'><strong>ultore</strong></span> <span class='ocrx_word' id='word_1_243' title='bbox 928 3140 1000 3196; x_wconf 87' lang='lat' dir='ltr'><strong>qnae</strong></span> <span class='ocrx_word' id='word_1_244' title='bbox 1020 3124 1051 3180; x_wconf 90' lang='lat' dir='ltr'><strong>in</strong></span> <span class='ocrx_word' id='word_1_245' title='bbox 1065 3129 1151 3180; x_wconf 87' lang='lat' dir='ltr'><strong>-tura</strong></span> <span class='ocrx_word' id='word_1_246' title='bbox 1173 3123 1231 3180; x_wconf 85' lang='lat' dir='ltr'><strong>exit</strong></span> 
     </span>
     <span class='ocr_line' id='line_1_28' title="bbox 91 3209 1231 3306; baseline -0.003 -24"><span class='ocrx_word' id='word_1_247' title='bbox 91 3221 289 3296; x_wconf 79' lang='lat' dir='ltr'><strong>reipublicae</strong></span> <span class='ocrx_word' id='word_1_248' title='bbox 309 3221 486 3295; x_wconf 83' lang='lat' dir='ltr'><strong>temporibus</strong></span> <span class='ocrx_word' id='word_1_249' title='bbox 518 3224 659 3283; x_wconf 85' lang='lat' dir='ltr'><strong>communi</strong></span> <span class='ocrx_word' id='word_1_250' title='bbox 681 3226 710 3306; x_wconf 87' lang='lat' dir='ltr'><strong>in</strong></span> <span class='ocrx_word' id='word_1_251' title='bbox 745 3242 798 3283; x_wconf 92' lang='lat' dir='ltr'><strong>usu</strong></span> <span class='ocrx_word' id='word_1_252' title='bbox 832 3225 926 3295; x_wconf 89' lang='lat' dir='ltr'><strong>fuerit,</strong></span> <span class='ocrx_word' id='word_1_253' title='bbox 963 3209 1041 3282; x_wconf 83' lang='lat' dir='ltr'><strong>velut</strong></span> <span class='ocrx_word' id='word_1_254' title='bbox 1073 3215 1231 3280; x_wconf 80' lang='lat' dir='ltr'><strong>admissor</strong></span> 
     </span>
     <span class='ocr_line' id='line_1_29' title="bbox 92 3315 1241 3402; baseline -0.003 -21"><span class='ocrx_word' id='word_1_255' title='bbox 92 3320 251 3392; x_wconf 73' lang='lat' dir='ltr'><strong>(iactant.)</strong></span> <span class='ocrx_word' id='word_1_256' title='bbox 281 3351 321 3364; x_wconf 87' lang='lat'>-</span> <span class='ocrx_word' id='word_1_257' title='bbox 349 3315 530 3379; x_wconf 81' lang='lat' dir='ltr'><strong>admissura</strong></span> <span class='ocrx_word' id='word_1_258' title='bbox 561 3318 691 3402; x_wconf 78' lang='lat' dir='ltr'><strong>(Varr.);</strong></span> <span class='ocrx_word' id='word_1_259' title='bbox 713 3322 831 3382; x_wconf 80' lang='lat' dir='ltr'><strong>oiuctor</strong></span> <span class='ocrx_word' id='word_1_260' title='bbox 853 3319 989 3400; x_wconf 81' lang='lat' dir='ltr'><strong>(Arnob.)</strong></span> <span class='ocrx_word' id='word_1_261' title='bbox 1020 3355 1057 3364; x_wconf 96' lang='lat'><em>-</em></span> <span class='ocrx_word' id='word_1_262' title='bbox 1086 3318 1241 3398; x_wconf 29' lang='lat' dir='ltr'><strong>martura·</strong></span> 
     </span>
     <span class='ocr_line' id='line_1_30' title="bbox 95 3421 1231 3502; baseline -0.003 -21"><span class='ocrx_word' id='word_1_263' title='bbox 95 3421 222 3496; x_wconf 69' lang='lat' dir='ltr'><strong>t-Varr.);</strong></span> <span class='ocrx_word' id='word_1_264' title='bbox 241 3438 360 3500; x_wconf 78' lang='lat' dir='ltr'><strong>persar</strong></span> <span class='ocrx_word' id='word_1_265' title='bbox 381 3422 562 3496; x_wconf 76' lang='lat' dir='ltr'><strong>(Augustis.)</strong></span> <span class='ocrx_word' id='word_1_266' title='bbox 581 3453 620 3466; x_wconf 88' lang='lat'>-</span> <span class='ocrx_word' id='word_1_267' title='bbox 642 3439 783 3502; x_wconf 77' lang='lat' dir='ltr'><strong>pensare</strong></span> <span class='ocrx_word' id='word_1_268' title='bbox 813 3423 938 3498; x_wconf 75' lang='lat' dir='ltr'><strong>(Vsum).</strong></span> <span class='ocrx_word' id='word_1_269' title='bbox 982 3425 1038 3483; x_wconf 88' lang='lat' dir='ltr'><strong>Sed</strong></span> <span class='ocrx_word' id='word_1_270' title='bbox 1060 3441 1095 3482; x_wconf 90' lang='lat' dir='ltr'><strong>ne</strong></span> <span class='ocrx_word' id='word_1_271' title='bbox 1120 3424 1231 3494; x_wconf 82' lang='lat' dir='ltr'><strong>longius</strong></span> 
     </span>
     <span class='ocr_line' id='line_1_31' title="bbox 94 3521 1231 3597; baseline -0.001 -17"><span class='ocrx_word' id='word_1_272' title='bbox 94 3541 113 3580; x_wconf 89' lang='lat' dir='ltr'><strong>a</strong></span> <span class='ocrx_word' id='word_1_273' title='bbox 137 3521 293 3594; x_wconf 85' lang='lat' dir='ltr'><strong>proposito</strong></span> <span class='ocrx_word' id='word_1_274' title='bbox 320 3521 495 3593; x_wconf 87' lang='lat' dir='ltr'><strong>aberremus,</strong></span> <span class='ocrx_word' id='word_1_275' title='bbox 524 3521 564 3581; x_wconf 82' lang='lat' dir='ltr'><strong>ad</strong></span> <span class='ocrx_word' id='word_1_276' title='bbox 586 3523 746 3584; x_wconf 75' lang='lat' dir='ltr'><strong>Varronem</strong></span> <span class='ocrx_word' id='word_1_277' title='bbox 774 3526 926 3587; x_wconf 90' lang='lat' dir='ltr'><strong>redeamus</strong></span> <span class='ocrx_word' id='word_1_278' title='bbox 953 3529 983 3583; x_wconf 90' lang='lat' dir='ltr'><strong>et</strong></span> <span class='ocrx_word' id='word_1_279' title='bbox 1010 3539 1092 3597; x_wconf 84' lang='lat' dir='ltr'><strong>quse·</strong></span> <span class='ocrx_word' id='word_1_280' title='bbox 1111 3525 1140 3580; x_wconf 93' lang='lat' dir='ltr'><strong>in</strong></span> <span class='ocrx_word' id='word_1_281' title='bbox 1172 3523 1231 3581; x_wconf 81' lang='lat' dir='ltr'><strong>das</strong></span> 
     </span>
     <span class='ocr_line' id='line_1_32' title="bbox 93 3618 1231 3702; baseline 0 -22"><span class='ocrx_word' id='word_1_282' title='bbox 93 3623 175 3682; x_wconf 84' lang='lat' dir='ltr'><strong>libris</strong></span> <span class='ocrx_word' id='word_1_283' title='bbox 196 3620 376 3681; x_wconf 69' lang='lat' dir='ltr'><strong>sumantur</strong></span> <span class='ocrx_word' id='word_1_284' title='bbox 395 3619 498 3681; x_wconf 81' lang='lat' dir='ltr'><strong>suffixo</strong></span> <span class='ocrx_word' id='word_1_285' title='bbox 520 3618 596 3680; x_wconf 78' lang='lat' dir='ltr'><strong>-tiorr</strong></span> <span class='ocrx_word' id='word_1_286' title='bbox 611 3619 724 3702; x_wconf 63' lang='lat' dir='ltr'><strong>(mou)</strong></span> <span class='ocrx_word' id='word_1_287' title='bbox 742 3625 920 3684; x_wconf 83' lang='lat' dir='ltr'><strong>conformate</strong></span> <span class='ocrx_word' id='word_1_288' title='bbox 940 3625 1071 3698; x_wconf 79' lang='lat' dir='ltr'><strong>legantur</strong></span> <span class='ocrx_word' id='word_1_289' title='bbox 1091 3637 1231 3681; x_wconf 91' lang='lat' dir='ltr'><strong>memora-</strong></span> 
     </span>
     <span class='ocr_line' id='line_1_33' title="bbox 94 3713 1235 3796; baseline 0.001 -16"><span class='ocrx_word' id='word_1_290' title='bbox 94 3722 164 3780; x_wconf 83' lang='lat' dir='ltr'><strong>biiia</strong></span> <span class='ocrx_word' id='word_1_291' title='bbox 198 3737 409 3794; x_wconf 78' lang='lat' dir='ltr'><strong>persequamur.</strong></span> <span class='ocrx_word' id='word_1_292' title='bbox 461 3713 504 3783; x_wconf 76' lang='lat' dir='ltr'><strong>dc</strong></span> <span class='ocrx_word' id='word_1_293' title='bbox 544 3724 667 3796; x_wconf 87' lang='lat' dir='ltr'><strong>primum</strong></span> <span class='ocrx_word' id='word_1_294' title='bbox 696 3724 809 3796; x_wconf 84' lang='lat' dir='ltr'><strong>quidem</strong></span> <span class='ocrx_word' id='word_1_295' title='bbox 848 3741 951 3784; x_wconf 83' lang='lat' dir='ltr'><strong>moneo</strong></span> <span class='ocrx_word' id='word_1_296' title='bbox 985 3724 1124 3784; x_wconf 87' lang='lat' dir='ltr'><strong>nonnulla</strong></span> <span class='ocrx_word' id='word_1_297' title='bbox 1148 3723 1235 3781; x_wconf 81' lang='lat' dir='ltr'><strong>buius</strong></span> 
     </span>
     <span class='ocr_line' id='line_1_34' title="bbox 95 3821 1235 3900; baseline 0 -21"><span class='ocrx_word' id='word_1_298' title='bbox 95 3837 208 3892; x_wconf 80' lang='lat' dir='ltr'><strong>qnoque</strong></span> <span class='ocrx_word' id='word_1_299' title='bbox 228 3822 325 3881; x_wconf 87' lang='lat' dir='ltr'><strong>classis</strong></span> <span class='ocrx_word' id='word_1_300' title='bbox 345 3821 484 3883; x_wconf 84' lang='lat' dir='ltr'><strong>vocabula</strong></span> <span class='ocrx_word' id='word_1_301' title='bbox 498 3823 529 3882; x_wconf 92' lang='lat' dir='ltr'><strong>in</strong></span> <span class='ocrx_word' id='word_1_302' title='bbox 549 3821 632 3884; x_wconf 87' lang='lat' dir='ltr'><strong>libris</strong></span> <span class='ocrx_word' id='word_1_303' title='bbox 653 3826 689 3884; x_wconf 84' lang='lat' dir='ltr'><strong>de</strong></span> <span class='ocrx_word' id='word_1_304' title='bbox 701 3826 734 3885; x_wconf 90' lang='lat' dir='ltr'><strong>L.</strong></span> <span class='ocrx_word' id='word_1_305' title='bbox 747 3825 781 3886; x_wconf 88' lang='lat' dir='ltr'><strong>L.</strong></span> <span class='ocrx_word' id='word_1_306' title='bbox 794 3827 907 3900; x_wconf 77' lang='lat' dir='ltr'><strong>scriptis</strong></span> <span class='ocrx_word' id='word_1_307' title='bbox 927 3826 993 3900; x_wconf 80' lang='lat' dir='ltr'><strong>legi,</strong></span> <span class='ocrx_word' id='word_1_308' title='bbox 1015 3839 1171 3898; x_wconf 75' lang='lat' dir='ltr'><strong>quaecum</strong></span> <span class='ocrx_word' id='word_1_309' title='bbox 1192 3823 1235 3880; x_wconf 83' lang='lat' dir='ltr'><strong>ita</strong></span> 
     </span>
     <span class='ocr_line' id='line_1_35' title="bbox 95 3921 1232 3997; baseline 0.002 -19"><span class='ocrx_word' id='word_1_310' title='bbox 95 3927 127 3978; x_wconf 87' lang='lat' dir='ltr'><strong>nt</strong></span> <span class='ocrx_word' id='word_1_311' title='bbox 147 3921 323 3980; x_wconf 73' lang='lat' dir='ltr'><strong>snbstmiva</strong></span> <span class='ocrx_word' id='word_1_312' title='bbox 343 3922 373 3980; x_wconf 92' lang='lat' dir='ltr'><strong>in</strong></span> <span class='ocrx_word' id='word_1_313' title='bbox 395 3928 457 3982; x_wconf 78' lang='lat' dir='ltr'><strong>-taa</strong></span> <span class='ocrx_word' id='word_1_314' title='bbox 478 3925 631 3997; x_wconf 78' lang='lat' dir='ltr'><strong>veriloquii</strong></span> <span class='ocrx_word' id='word_1_315' title='bbox 649 3942 737 3984; x_wconf 81' lang='lat' dir='ltr'><strong>cansa</strong></span> <span class='ocrx_word' id='word_1_316' title='bbox 757 3927 917 3986; x_wconf 84' lang='lat' dir='ltr'><strong>aVarrone</strong></span> <span class='ocrx_word' id='word_1_317' title='bbox 939 3925 1127 3986; x_wconf 78' lang='lat' dir='ltr'><strong>adhibeantur</strong></span> <span class='ocrx_word' id='word_1_318' title='bbox 1141 3939 1232 3996; x_wconf 74' lang='lat' dir='ltr'><strong>neem</strong></span> 
     </span>
     <span class='ocr_line' id='line_1_36' title="bbox 96 4021 1230 4098; baseline 0.003 -20"><span class='ocrx_word' id='word_1_319' title='bbox 96 4021 173 4093; x_wconf 77' lang='lat' dir='ltr'><strong>apud</strong></span> <span class='ocrx_word' id='word_1_320' title='bbox 191 4021 276 4080; x_wconf 80' lang='lat' dir='ltr'><strong>stium</strong></span> <span class='ocrx_word' id='word_1_321' title='bbox 298 4023 472 4095; x_wconf 64' lang='lat' dir='ltr'><strong>summum</strong></span> <span class='ocrx_word' id='word_1_322' title='bbox 492 4024 581 4083; x_wconf 84' lang='lat' dir='ltr'><strong>ulium</strong></span> <span class='ocrx_word' id='word_1_323' title='bbox 601 4034 763 4098; x_wconf 71' lang='lat' dir='ltr'><strong>sommam,</strong></span> <span class='ocrx_word' id='word_1_324' title='bbox 787 4033 893 4086; x_wconf 82' lang='lat' dir='ltr'><strong>nouato</strong></span> <span class='ocrx_word' id='word_1_325' title='bbox 914 4041 977 4085; x_wconf 86' lang='lat' dir='ltr'><strong>esse</strong></span> <span class='ocrx_word' id='word_1_326' title='bbox 997 4042 1016 4086; x_wconf 83' lang='lat' dir='ltr'><strong>s</strong></span> <span class='ocrx_word' id='word_1_327' title='bbox 1040 4030 1138 4084; x_wconf 85' lang='lat' dir='ltr'><strong>nostru</strong></span> <span class='ocrx_word' id='word_1_328' title='bbox 1159 4023 1230 4082; x_wconf 85' lang='lat' dir='ltr'><strong>iudi-</strong></span> 
     </span>
     <span class='ocr_line' id='line_1_37' title="bbox 95 4121 477 4194; baseline 0.008 -17"><span class='ocrx_word' id='word_1_329' title='bbox 95 4135 200 4178; x_wconf 81' lang='lat' dir='ltr'><strong>cesms.</strong></span> <span class='ocrx_word' id='word_1_330' title='bbox 242 4121 308 4180; x_wconf 85' lang='lat' dir='ltr'><strong>Huc</strong></span> <span class='ocrx_word' id='word_1_331' title='bbox 329 4128 477 4194; x_wconf 78' lang='lat' dir='ltr'><strong>spectamr</strong></span> 
     </span>
    </p>

    <p class='ocr_par' dir='ltr' id='par_1_4' title="bbox 97 4206 956 4294">
     <span class='ocr_line' id='line_1_38' title="bbox 97 4206 956 4294; baseline 0.006 -20"><span class='ocrx_word' id='word_1_332' title='bbox 97 4211 252 4294; x_wconf 60' lang='lat' dir='ltr'><strong>rectario..-</strong></span> <span class='ocrx_word' id='word_1_333' title='bbox 275 4219 309 4287; x_wconf 80' lang='lat' dir='ltr'><strong>u.</strong></span> <span class='ocrx_word' id='word_1_334' title='bbox 332 4219 365 4276; x_wconf 85' lang='lat' dir='ltr'><strong>n.</strong></span> <span class='ocrx_word' id='word_1_335' title='bbox 390 4221 468 4292; x_wconf 80' lang='lat' dir='ltr'><strong>viu</strong></span> <span class='ocrx_word' id='word_1_336' title='bbox 493 4225 531 4280; x_wconf 84' lang='lat'><strong>54</strong></span> <span class='ocrx_word' id='word_1_337' title='bbox 556 4206 582 4282; x_wconf 74' lang='lat' dir='ltr'><strong>&#39;a</strong></span> <span class='ocrx_word' id='word_1_338' title='bbox 604 4223 756 4292; x_wconf 66' lang='lat' dir='ltr'><strong>nmatione</strong></span> <span class='ocrx_word' id='word_1_339' title='bbox 780 4218 956 4288; x_wconf 55' lang='lat' dir='ltr'><strong>euriacum&amp;</strong></span> 
     </span>
    </p>
   </div>
   <div class='ocr_carea' id='block_1_4' title="bbox 0 0 1485 4832">
    <p class='ocr_par' dir='ltr' id='par_1_5' title="bbox 0 0 1485 4832">
     <span class='ocr_line' id='line_1_39' title="bbox 0 0 1485 4832; baseline 0 0"><span class='ocrx_word' id='word_1_340' title='bbox 0 0 1485 4832; x_wconf 95' lang='lat' dir='ltr'><strong> </strong></span> 
     </span>
    </p>
   </div>
  </div>
 </body>
</html>
