2938 4832
802 257 840 311 60

767 339 771 342 .
782 337 856 344 ..ι-ι..-
876 339 899 344 --

724 465 913 534 VERBA.
990 493 993 500 ¹

774 633 790 710 p
813 639 861 694 ns.

337 754 407 814 Cum
428 755 503 813 dnae
524 753 638 812 omnino
660 753 717 811 sint
738 753 801 812 viae
824 752 927 824 quibus
955 767 1027 810 nova
1050 752 1139 810 verba
1168 749 1320 825 fingantur,
1346 755 1394 810 aut

251 854 385 913 averbis
407 854 477 926 ipsis
500 859 549 914 sut
570 870 588 912 a
609 854 779 919 nominibus,
801 854 961 912 Varronem
983 855 1134 924 utramque
1153 853 1313 924 ingressum
1334 868 1393 909 esse

251 954 288 1013 ad
302 955 419 1028 linguae
434 954 545 1026 copiam
567 953 801 1025 locupletandam
823 951 906 1012 facile
927 951 1130 1025 intellegimus.
1160 951 1256 1024 Atque
1276 951 1392 1024 plinium

252 1054 366 1125 quidem
387 1071 592 1128 persequamur
619 1070 655 1111 ea
681 1052 778 1125 verbo,
808 1070 881 1126 quae
915 1052 950 1110 ab
984 1053 1047 1110 aliis
1080 1051 1176 1110 verbis
1209 1049 1310 1112 suffixo
1332 1069 1394 1108 -sco

253 1153 272 1211 i.
312 1171 336 1212 e.
374 1153 605 1214 incohativorum
642 1170 720 1211 more
755 1154 885 1213 derivata
925 1158 1000 1212 sunt.
1050 1154 1105 1212 Sed
1134 1152 1210 1213 haud
1237 1155 1279 1212 ita
1309 1169 1395 1226 pauca

252 1255 336 1313 huius
383 1255 496 1327 generis
539 1255 627 1312 verba
669 1256 800 1313 videntur
841 1253 1021 1335 ooniormats
1063 1269 1127 1312 esse
1165 1270 1182 1312 a
1226 1253 1392 1323 nominibus,

254 1388 318 1430 cum
332 1371 449 1431 verbum
465 1372 708 1431 denominativum
729 1373 759 1430 in
782 1388 861 1441 -ore,
885 1368 958 1442 -ἒ10,
979 1345 1051 1443 ere,
1076 1367 1144 1442 -110,
1168 1371 1242 1430 unde
1258 1373 1393 1445 originem

253 1473 396 1545 duxerint,
419 1473 448 1530 iu
467 1473 583 1546 linguae
598 1489 682 1545 quam
704 1488 756 1529 nos
778 1472 907 1530 novimus
929 1472 1012 1545 copia
1034 1489 1090 1531 non
1114 1473 1285 1532 inveniatur.
1311 1465 1395 1530 0011-

253 1590 324 1630 1010
345 1573 460 1646 quidem
483 1574 532 1646 (K.
555 1572 588 1631 B.
613 1590 642 1644 p.
666 1569 717 1642 36)
737 1573 781 1630 his
802 1587 912 1644 quoque
934 1572 1063 1630 omnibus
1084 1574 1253 1632 incohativis
1276 1590 1307 1630 re
1332 1591 1396 1632 vera

255 1674 468 1734 denominativa
490 1676 675 1733 antecessisse
701 1676 950 1746 persuasumst,
979 1673 1021 1730 ito
1047 1677 1079 1729 ut
1101 1673 1137 1730 ad
1158 1689 1201 1731 vv.
1229 1665 1395 1739 irascendi,

131 1767 141 1784 ⁸
253 1767 448 1853 quiescendi,
482 1766 701 1830 vetustisceads'
732 1772 890 1848 supplenda
916 1781 1012 1830 essent
1040 1789 1083 1830 nv.
1113 1769 1231 1844 111010,
1267 1769 1394 1853 *quiere

253 1869 423 1931 *vetastira
440 1874 581 1946 Equidem
597 1890 652 1933 non
669 1873 841 1932 crediderim
852 1873 923 1930 haec
938 1871 1028 1930 verba
1043 1872 1254 1932 denominativa
1278 1891 1310 1932 re
1331 1891 1398 1934 vers

252 1991 386 2048 umquam
419 1975 547 2033 extitisse
570 1979 719 2048 oportere,
745 1975 795 2032 sed
824 1975 853 2031 in
876 1973 1015 2031 eiusmodi
1043 1973 1213 2033 iuoohstivis
1241 1973 1398 2034 formandis

224 2075 371 2150 ¹multum
395 2075 517 2133 valuisse
539 2080 609 2146 puto
631 2075 803 2147 analogiam,
826 2073 978 2145 adquam,
1001 2075 1082 2146 qnasi
1102 2079 1236 2133 extarent
1245 2075 1295 2134 illa
1310 2075 1399 2134 verba

251 2175 481 2241 denominativo,
511 2191 528 2232 a
563 2175 724 2233 nominibus
759 2175 829 2246 ipsis
856 2192 900 2235 vv.
942 2174 1107 2233 incohativa
1144 2174 1399 2246 proficiscebantur

251 2274 352 2332 eodem
374 2274 467 2343 modo,
490 2291 547 2347 quo
570 2275 711 2336 adiectiva
738 2277 767 2333 in
790 2282 851 2332 -tus
873 2276 1005 2335 cadentia
1034 2276 1251 2349 participiorum
1278 2292 1358 2334 more
1384 2295 1401 2334 a

251 2375 411 2435 nominibus
434 2375 512 2433 nullo
535 2367 662 2434 exhibito
683 2375 770 2435 verbo
789 2376 1006 2436 derivabantur.
1030 2375 1202 2434 Huiusmodi
1233 2375 1400 2435 incohativa

251 2476 409 2534 nominalis
438 2481 678 2535 enumeraverunt
706 2469 822 2556 Zumpt
844 2477 971 2537 Gramm.
1001 2476 1066 2534 Lat.
1091 2469 1119 2504 ¹²
1148 2493 1176 2549 p.
1204 2477 1261 2535 150
1284 2473 1300 2548 ξ
1321 2479 1400 2546 205;

254 2567 511 2650 (1130001101.
537 2578 589 2647 123
613 2570 760 2634 Pauolcer
781 2575 945 2636 Zeitsohrift
976 2576 995 2634 f.
1019 2581 1106 2636 cestr.
1137 2575 1272 2650 Gymnas.
1301 2577 1397 2649 XXV,

250 2694 278 2749 p.
304 2680 372 2734 111.
585 2739 588 2746 .
1437 2747 1438 2752 ἵ

332 2777 380 2836 Ex
392 2778 522 2836 Varrone
544 2779 655 2837 omissis
671 2777 721 2850 eis,
746 2794 819 2850 quae
840 2779 897 2836 iam
920 2778 1118 2838 antaeumvel
1139 2779 1237 2839 eodem
1263 2795 1318 2854 quo
1339 2782 1404 2852 ipse
1437 2777 1438 2780 ’

249 2874 372 2936 florebat
408 2883 537 2951 tempore
577 2878 606 2936 iu
641 2879 784 2939 communi
826 2895 877 2938 usu
920 2878 1006 2938 fuisse
1034 2883 1156 2950 constat,
1203 2882 1401 2939 enumeranda

249 2979 347 3049 putavi
369 2978 456 3038 haec:
978 2981 981 2985 '

249 3091 445 3154 *duresceret
468 3097 501 3155 L.
525 3097 558 3154 L.
589 3097 653 3168 VII,
683 3099 722 3156 83
752 3095 866 3156 ‘aurora
896 3098 1002 3157 dicitur
1025 3138 1155 3157 .....
1180 3096 1217 3156 ab
1246 3114 1289 3169 eo,
1321 3098 1401 3170 quod

312 3196 348 3256 ab
371 3197 430 3270 igni
455 3198 523 3255 solis
546 3202 605 3256 tum
626 3214 717 3257 aureo
739 3215 789 3258 aer
811 3195 961 3258 burescat'.

249 3289 478 3377 oolltqaeaoere:
501 3295 596 3356 Varro
618 3295 687 3358 Rer.
710 3299 765 3358 div.
787 3300 831 3358 Ill
852 3317 898 3372 ap.
920 3298 996 3356 Non.
1030 3299 1100 3370 334,
1127 3299 1167 3355 27
1195 3302 1224 3356 01
1252 3298 1329 3357 idem
1360 3297 1406 3355 De

314 3401 454 3476 propriet.
479 3402 611 3472 scriptor.
628 3398 697 3459 ibid.
721 3403 791 3476 334,
814 3404 869 3474 313
886 3400 960 3472 quod
985 3398 1102 3458 verbum
1125 3403 1276 3470 praeterea
1296 3399 1408 3470 legitur

310 3514 355 3572 ap.
380 3496 440 3557 Col.
463 3497 550 3572 Apul.
573 3499 675 3558 Front.

248 3609 513 3696 *confraceaoerer
536 3617 570 3675 R.
593 3617 628 3674 R.
651 3616 673 3688 l,
701 3618 748 3688 13,
766 3620 784 3674 4
800 3609 884 3690 ‘quod
901 3610 1024 3697 (fimum)
1044 3617 1119 3675 enim
1136 3615 1296 3676 confraouit
1311 3631 1403 3686 quam

309 3718 383 3792 quod
406 3732 507 3776 recens
531 3707 655 3790 melius';
678 3715 714 3777 cf.
739 3710 812 3774 Keil
833 3719 944 3778 observ.
968 3718 1030 3776 orit.
1053 3735 1080 3789 p.
1106 3719 1155 3774 46.
1177 3716 1303 3789 Simplex
1338 3731 1407 3772 ver·

312 3818 378 3877 bum
391 3811 576 3896 fraceaoere
603 3823 683 3877 extet
705 3833 752 3889 ap.
775 3818 859 3877 Varr.
883 3817 977 3876 R.-R.
1004 3822 1030 3889 1,
1054 3818 1105 3889 55,
1127 3817 1155 3873 5.

248 3914 533 3994 00010001101001οςι
555 3934 590 3993 R.
613 3935 648 3994 R.
670 3935 712 4004 II,
736 3937 764 4005 2,
790 3938 824 3990 11
849 3918 1011 3993 ι01111101
1044 3937 1174 4008 pascunt,
1205 3933 1300 4006 quossi
1331 3948 1404 3990 eon-

308 4027 492 4109 tenebravit',·
513 4036 562 4095 sed
585 4025 853 4094 ‘contenebrescere'
869 4034 953 4108 Vulg.
969 4036 1025 4094 ler.
1045 4037 1092 4105 13,
1120 4036 1167 4106 16,
1183 4021 1405 4129 ‘tenebrescere‘

308 4135 462 4210 Augustis.

248 4247 464 4334 *0110001001οε
487 4251 523 4310 R.
546 4252 581 4309 R.
603 4251 634 4323 1,
659 4254 707 4324 55,
730 4254 749 4308 4
771 4245 837 4311 ‘alia
859 4245 952 4327 (olea)
983 4251 1020 4312 ad
1050 4251 1145 4312 cibum
1173 4252 1300 4325 eligitur,
1336 4249 1401 4312 alia
