2938 4832
792 255 830 310 32

198 521 201 530 A
239 459 334 534 puori,
353 475 372 516 a
392 456 447 529 quo
468 455 608 528 scriptore
630 456 685 524 hoc
700 457 839 515 Varronis
852 453 1044 540 fragmentum
1059 464 1202 516 servatum
1214 458 1260 515 sit.
1279 457 1371 516 Verba

224 543 228 548 ’
242 556 303 616 6166
324 562 392 636 sunt
412 555 499 614 hacc:
523 550 575 614 ‘lla
596 537 659 613 orat
670 561 819 615 matronae
831 555 998 629 simplicitas
1008 562 1039 614 ot
1050 555 1173 628 pueritia
1185 550 1371 628 ethonomus,

244 653 294 712 nbi
307 670 361 727 pro
383 643 541 712 ‘matronae
551 644 682 726 pueritia'
704 653 854 728 legendum
876 669 954 711 esse:
985 645 1135 726 ‘puritiam'
1169 671 1252 714 nemo
1286 661 1370 716 semel

242 756 367 813 monitus
388 752 513 826 negabit.
528 753 748 826 Lexicograpbi,
770 755 818 825 qni
838 753 953 810 omuino
972 751 1118 812 haesitare
1142 754 1283 824 videntur,
1304 773 1370 814 num

239 854 294 911 hoc
315 852 484 933 vocabulum
508 853 616 912 latinae
636 852 749 925 linguae
771 853 869 924 copiae
890 867 958 910 vera
980 851 1182 926 vindicandum
1203 855 1249 925 sit,
1281 855 1369 914 adhuc

241 953 313 1011 illud
332 957 386 1010 sat.
409 949 446 1011 fr.
469 953 539 1022 420,
562 966 618 1024 quo
640 953 731 1010 omnis
753 949 892 1010 dubitatio
913 951 1075 1024 expellitur,
1099 955 1265 1014 omiserunt.
1289 953 1368 1014 Ceta-

241 1069 306 1110 rum
327 1067 429 1110 moneo
461 1067 486 1108 v.
508 1043 674 1128 imperitia
692 1050 728 1108 ab
750 1052 860 1121 impuro
893 1051 1053 1111 derivatum
1084 1055 1143 1111 iam
1168 1042 1368 1114 ’6666116666-

235 1167 299 1209 nem
320 1153 443 1209 inueniri
464 1167 510 1224 ap.
532 1150 626 1209 Plaut.
650 1147 729 1207 Pers.
758 1149 811 1220 111,
834 1151 862 1222 3,
887 1152 1003 1210 7.‘Alia
1029 1152 1206 1212 substantiva
1227 1152 1362 1214 feminina

238 1265 312 1321 qnae
334 1255 364 1307 at
391 1250 420 1307 in
443 1255 504 1306 -taa
538 1256 566 1307 at
596 1243 882 1326 16·66“6(661-66’66)
905 1257 1019 1328 exeunt,
1054 1261 1203 1313 enumerat
1227 1247 1369 1312 Paackca·

236 1348 444 1408 6661666166.
467 1349 518 1407 lat.
540 1367 568 1422 p.
591 1351 628 1405 81
654 1349 749 1408 adnot
777 1352 826 1408 65.
1004 1329 1013 1341 ’

321 1449 452 1520 Denique
474 1447 549 1506 addo
572 1445 673 1506 suffixo
695 1444 742 1505 -c'a
761 1446 914 1507 formatum
935 1450 1159 1526 substantivum:

223 1543 368 1604 'cercicz
392 1555 446 1606 sat.
469 1546 505 1605 ir.
529 1548 588 1606 366
609 1543 658 1624 (Β.
684 1549 752 1619 181,
775 1549 823 1622 6),
846 1553 900 1608 sat.
922 1548 958 1607 fr.
978 1551 1039 1608 368
1063 1540 1110 1625 (R.
1137 1551 1204 1624 181,
1223 1551 1267 1624 2),
1299 1569 1369 1624 quae

294 1645 456 1732 fragmenta
472 1647 580 1706 tradita
601 1646 728 1706 cilonio
750 1665 777 1722 p.
794 1643 864 1721 215,
890 1652 924 1705 11
949 1649 1085 1709 exhibent
1093 1649 1224 1710 vocabuli
1238 1643 1367 1710 ‘nerviae’

294 1748 486 1804 accusativum
506 1744 580 1819 plur.
601 1738 681 1804 6616
706 1763 743 1803 aa
763 1749 842 1805 6616
864 1765 885 1806 6
916 1756 1087 1814 exeuntem,
1118 1731 1304 1810 si'Nonium
1337 1760 1365 1810 66

293 1860 327 1902 ao
356 1849 474 1902 auctore
502 1833 644 1901 Riceiam
676 1852 706 1903 et
726 1839 948 1905 Boeotelerom
981 1850 1115 1921 sequeris.
1162 1847 1246 1907 Hunc
1270 1849 1361 1907 locum

295 1943 382 2018 Nouii
403 1943 556 2002 emendare
578 1951 697 2004 6666666
728 1953 774 2004 666
805 1939 1050 2020 6661666666
1084 1954 1167 2021 putat
1203 1949 1231 2006 in
1268 1949 1363 2007 verbis
1415 1924 1420 1940 ⁴

204 2057 206 2062 ·
254 2057 257 2064 ·
295 2040 408 2102 Noniiz'
421 2033 518 2101 ‘Nervi
538 2043 689 2102 masculini
710 2049 786 2115 6666,
808 2046 890 2104 616661
911 2047 1086 2122 plerumque.
1128 2050 1234 2108 Varum
1265 2051 1366 2112 ¹nervia

293 2140 423 2204 feminini
445 2142 522 2216 apud
545 2143 645 2202 doctos
680 2143 784 2202 lectum
820 2150 865 2202 666
899 2161 993 2220 saepe.
1010 2146 1104 2208 Varro
1119 2138 1213 2212 ’Όνος
1240 2135 1361 2224 dapar:

293 2233 426 2302 ‘scienda
447 2241 556 2307 doceat,
576 2243 820 2316 quemadmodum
832 2247 862 2303 in
876 2246 1011 2318 psalterio
1028 2248 1213 2307 extendamus
1234 2239 1359 2316 nervias,

294 2342 390 2400 neutri
416 2340 507 2398 Varro
528 2329 590 2398 ”Oa
620 2327 691 2420 166.
737 2333 784 2400 ‘Et
808 2343 838 2404 id
861 2343 960 2404 dicunt
980 2362 1060 2406 suam
1074 2346 1234 2407 Briseidem
1258 2346 1363 2420 produ-

294 2457 374 2511 cere,
398 2457 471 2512 quae
491 2442 552 2499 eius
573 2443 671 2500 nervia
685 2449 813 2502 tractam
834 2435 951 2504 solebat'
973 2444 1142 2506 vocabulum
1154 2427 1262 2506 ‘neutri'
1277 2445 1366 2504 ditto-

293 2540 442 2613 graphiam
458 2555 528 2612 6666,
550 2555 635 2612 quam
646 2555 712 2599 mox
726 2559 754 2599 v.
776 2545 890 2601 nervias
911 2551 1060 2618 coarguat.
1081 2543 1221 2616 Equidem
1244 2545 1367 2616 Quicbe

296 2641 381 2710 ratio,
405 2640 483 2698 cuius
505 2640 649 2698 sententia
670 2657 704 2699 eo
725 2639 938 2714 comprobatur,
962 2644 1038 2716 quod
1058 2660 1155 2703 omnes
1179 2644 1266 2704 Nonii
1287 2644 1366 2702 codi-

304 2755 350 2798 ces
370 2741 400 2797 in
421 2744 542 2810 utroque
562 2737 724 2812 fragmento
746 2738 883 2800 exhibent
913 2740 1034 2800 formam
1064 2733 1200 2814 ε6666166,
1226 2741 1366 2802 adsentiri

293 2854 351 2896 non
372 2835 543 2906 dubitarem,
578 2840 633 2896 uisi
663 2840 762 2898 titulus
786 2840 897 2898 soloeoe
932 2843 1073 2914 repetitus
1093 2859 1112 2900 a
1133 2843 1240 2902 citandi
1275 2857 1366 2907 moro,

293 2953 376 3008 quem
397 2935 502 3009 ubique
524 2941 651 3010 sequitur
671 2938 790 3020 Nonius,
811 2956 930 3011 prorsus
956 2939 1134 3000 abhorreret.

695 3057 716 3096 6
732 3049 870 3094 uuonan.

308 3120 449 3179 Neutrius
469 3123 583 3194 generis
605 3125 720 3182 nomina
740 3123 918 3182 substantiva
940 3142 975 3184 66
997 3125 1127 3185 Varrone
1148 3125 1282 3200 colligam
1317 3143 1364 3201 66,

229 3234 301 3292 quae
335 3217 513 3289 conformata
541 3227 608 3280 sunt
642 3219 751 3280 suffixis
781 3241 862 3282 -mea
889 3230 1053 3300 matum
1089 3231 1200 3299 -etam3
1243 3219 1364 3284 -661666

228 3315 348 3391 -brwm3
375 3312 493 3378 -calam
514 3335 632 3392 -crruo3
654 3317 729 3378 ium.
755 3351 790 3362 -
808 3317 935 3399 (Neutra
963 3325 993 3382 in
1021 3319 1140 3382 -ora'am
1165 3326 1300 3384 exeuntia
1328 3342 1364 3383 eo

228 3422 293 3480 loco
315 3423 445 3479 tractare
465 3420 551 3492 66616,
577 3419 626 3479 ubi
646 3419 788 3482 adiectiva
807 3424 837 3480 in
860 3418 962 3480 -orias
981 3425 1075 3483 locum
1096 3441 1177 3482 suum
1197 3419 1330 3500 habant.)

215 3509 225 3528 “
749 3536 765 3612 6
792 3540 838 3596 10.

310 3639 355 3697 De
376 3637 487 3711 origine
509 3634 603 3695 6611161
625 3655 706 3695 enea
728 3645 757 3697 66
792 3646 939 3696 66666666
961 3639 1174 3706 dissensionem,
1206 3658 1279 3714 quae
1319 3649 1365 3700 est

226 3739 303 3796 inter
325 3753 367 3795 vv.
387 3736 446 3806 dd,
471 3733 603 3810 [quornm
625 3730 775 3814 Aufrecbt
800 3739 851 3809 (K.
874 3738 904 3795 7.
927 3740 976 3812 VI,
1001 3737 1081 3816 177),
1116 3758 1199 3814 qoem
1229 3742 1363 3814 sequitur

226 3831 264 3894 L.
289 3829 398 3914 Meyer
419 3835 529 3910 (Vargl.
551 3835 675 3896 Gramm.
696 3837 734 3909 Il,
757 3839 842 3913 261),
864 3839 921 3898 duo
942 3840 993 3899 illa
1012 3843 1124 3913 pariter
1145 3847 1211 3898 orta
1234 3857 1296 3900 esse
1319 3857 1358 3898 ex

227 3938 396 3996 sanseritico
439 3935 541 3997 suffixo
576 3945 684 4006 -maut,
722 3931 851 3997 Coraacu
886 3944 982 3998 autem
1018 3941 1067 4011 (K.
1091 3939 1129 3997 N.
1168 3940 1240 4010 124)
1276 3943 1363 3999 nixus

225 4031 356 4116 Boppo'a',
391 4031 496 4110 Pottia',
531 4029 718 4096 Scblea‘cberi
753 4040 925 4098 anctoritate
947 4057 1028 4097 6666
1063 4039 1185 4098 eandem
1220 4042 1363 4114 originem
1391 4111 1398 4116 ⁵

225 4137 331 4197 babere
361 4154 446 4209 quam
478 4153 585 4196 sanson.
617 4155 714 4204 -rnau,
746 4155 842 4212 graec.
886 4156 966 4213 -μον
987 4156 1061 4213 -μιν
1092 4137 1177 4216 vult]
1200 4140 1255 4199 hoc
1289 4141 1358 4200 loco

140 4302 145 4306 ,
224 4238 488 4299 commemoravissa
510 4239 580 4296 satis
603 4239 666 4308 erit,
690 4254 764 4310 cum,
793 4245 858 4297 ntra
894 4241 994 4298 barum
1028 4241 1193 4313 opinionum
1229 4247 1363 4300 6666666
