2938 4832
209 427 442 492 *moderarum
465 435 500 494 de
523 437 583 496 vua
603 437 636 496 Ρ.
657 437 693 497 a.
714 437 739 508 1,
761 437 778 494 s
800 436 846 496 es.
865 425 995 498 Kerroer
1018 434 1106 506 (uon.
1128 454 1157 510 p.
1180 440 1249 513 roo,
1270 434 1335 508 aa),

267 532 316 592 ubi
337 533 467 594 oodieum
486 536 571 596 leotio
592 541 638 596 est
657 536 743 616 bueo:
766 526 922 612 ‘Murmura
943 539 973 594 et
998 527 1208 596 moderatore.
1244 536 1335 596 Varro

267 634 302 693 de
313 633 380 694 Vita
400 630 498 708 p‘opuli
519 637 601 695 Rom.
623 635 673 695 bb.
695 636 717 694 I.
741 627 806 696 ‘Sed
826 633 904 706 qnod
924 649 959 692 ea
980 638 1009 692 et
1022 638 1141 707 propter
1155 636 1243 694 talem
1263 635 1334 694 mix-

269 739 335 792 tura
355 727 759 810 immoderataexaquie'ouut
780 734 877 805 itaqua
898 732 974 807 quod
997 732 1193 806 temperatura
1206 734 1336 794 modara-

270 839 318 891 tur
338 835 368 892 in
392 835 506 894 Romuli
527 835 648 908 triplicis
669 824 819 895 eivitatos'.
839 833 919 904 Quae
941 831 1028 896 verba
1048 833 1079 892 in
1093 829 1215 896 formam
1234 834 1332 908 genui·

270 949 335 992 nam
366 934 553 994 coniectando
584 936 736 994 restituere
767 938 980 1007 temptaverunt
1011 925 1091 990 Roth
1118 939 1147 997 el
1174 926 1338 1004 Quoiam

269 1035 299 1090 in
319 1032 414 1105 Nonii,
443 1049 514 1107 quas
535 1037 715 1100 curaverunt,
740 1030 928 1106 editionibus;
950 1049 1071 1107 quorum
1090 1034 1142 1092 ille
1158 1033 1334 1093 emendavit:
1446 1099 1447 1122 Χ

268 1123 332 1192 ‘Sed
354 1172 487 1191 .....
508 1135 662 1194 mixturam
684 1131 835 1192 moderatu
856 1132 1026 1206 exaeisount,
1056 1134 1096 1192 ita
1126 1147 1238 1206 quoquo
1266 1138 1338 1190 tem.-

267 1238 384 1304 peratnr
405 1231 589 1294 moderatura
623 1232 737 1293 Romuli
770 1233 830 1292 vita
859 1233 980 1304 tripliuis
1008 1222 1150 1301 civitatis,
1178 1230 1239 1320 bio:
1272 1222 1336 1290 ‘Sed

272 1331 348 1404 quod
370 1370 499 1390 .....
530 1332 681 1390 mixturam
712 1331 928 1391 immoderatam
960 1337 1138 1402 exarserunt,
1172 1332 1213 1390 ita
1227 1345 1343 1403 quoqne¹

269 1435 466 1504 temperantur
487 1447 504 1488 a
525 1431 709 1508 moderatore
729 1431 759 1489 in
781 1431 894 1492 Romuli
915 1431 1030 1490 civitate
1042 1431 1168 1504 triplices
1190 1421 1335 1488 civitates'.
1369 1427 1370 1431 ’
1447 1463 1448 1466 =

166 1581 173 1597 ,
269 1529 326 1588 Sed
347 1533 414 1589 utra
436 1529 599 1590 emendatio
630 1530 808 1604 probabilior
828 1532 874 1600 sit,
906 1545 1076 1604 quamquam
1108 1529 1162 1588 hoo
1197 1530 1261 1589 loeo
1278 1545 1335 1588 nou

269 1627 448 1700 diiudicatur,
478 1630 508 1689 id
529 1633 661 1689 constare
681 1627 794 1688 videtur
816 1629 975 1688 Varronem
998 1626 1209 1690 substantivum
1236 1621 1336 1686 umde-

271 1734 384 1786 raruro
404 1729 564 1798 adhibuisse
583 1730 628 1788 vel
648 1731 743 1802 potius
758 1744 876 1788 novasse
897 1727 934 1788 ad
954 1726 1167 1788 similitudinem
1188 1745 1213 1784 v.
1234 1719 1336 1786 mode·

268 1825 392 1901 rororis,
404 1830 483 1888 auius
494 1831 574 1888 notio
584 1827 740 1887 subiunctis
751 1827 890 1903 genetivis
900 1823 1181 1900 reipublioaa(0ie.),
1192 1830 1335 1888 exereitus

270 1921 378 2002 (Tae),
400 1929 533 1988 inventae
554 1923 671 2003 (Mart.)
693 1925 845 1998 manifesta
869 1929 899 1986 in
934 1927 1102 1988 vocabulum
1135 1920 1337 1986 moderatum
1449 1957 1450 1968 ,

267 2020 515 2100 optimequadrat.
538 2029 640 2100 Itaque
655 2027 725 2086 nibil
739 2026 852 2085 videtur
873 2026 997 2097 obstare,
1020 2027 1169 2099 quominus
1191 2027 1261 2086 baso
1282 2043 1335 2086 vox

267 2126 366 2184 lexicis
391 2127 520 2187 addatur.

206 2221 378 2303 *parsurm
401 2228 436 2288 L.
458 2229 493 2288 L.
516 2229 551 2298 V,
588 2229 643 2286 183
676 2219 760 2300 ‘quod
792 2242 827 2286 ea
865 2226 964 2296 (aedes
985 2226 1113 2297 Saturni)
1145 2228 1228 2285 etiam
1260 2239 1334 2297 nuno

266 2333 385 2400 propter
407 2343 562 2400 pensuram
584 2328 722 2386 trutinam
743 2326 830 2387 babet
850 2316 989 2400 positam’.

207 2430 431 2502 temperatura:
455 2428 510 2484 sat.
533 2424 568 2484 fr.
591 2428 629 2485 23
668 2420 717 2502 (R.
744 2428 811 2498 100,
838 2424 865 2491 1)
898 2417 979 2486 ‘oaeli
1009 2417 1222 2500 temperatura,
1259 2423 1335 2497 quod
1402 2427 1403 2432 ’

267 2523 342 2582 idem
363 2530 443 2583 extat
462 2542 509 2598 ap.
531 2525 605 2584 Vilr.
626 2526 700 2586 Plin.
721 2525 778 2586 Sed
791 2527 924 2586 usitatior
944 2524 998 2584 luit
1019 2543 1045 2584 v.
1067 2521 1234 2604 temperies,
1259 2521 1336 2584 velut

268 2615 429 2697 ‘temperies
451 2616 529 2684 oaeli'
552 2625 632 2684 Ovid.
656 2624 741 2686 Pont.
763 2630 791 2698 2,
814 2628 842 2696 l,
873 2627 921 2690 il,
943 2624 1018 2684 Plin.
1038 2625 1075 2681 Η.
1097 2625 1133 2682 Ν.
1156 2626 1173 2681 3
1197 2622 1240 2694 (6)
1278 2625 1334 2692 41;

270 2720 723 2800 7(2>21;14(6)55;eto.

204 2818 375 2880 *velatum
392 2825 434 2882 R.
457 2824 537 2900 111,χ
550 2827 591 2912 2,.
604 2828 639 2882 14
661 2816 742 2885 ‘item
764 2824 898 2884 dieantur
918 2825 966 2897 qui
987 2822 1110 2882 veeturie
1131 2827 1237 2894 vivunt,
1259 2823 1334 2881 vela-

265 2927 360 2982 turam
381 2915 483 2983 faeere'
505 2930 534 2983 et
555 2926 589 2983 L.
611 2925 646 2984 L.
669 2925 703 2995 V,
726 2927 765 2982 44
786 2916 949 2984 ‘Velabrum
970 2941 987 2984 a
1010 2923 1150 2984 vehendo.
1168 2922 1334 2984 velaturam

267 3019 361 3080 faeere
382 3024 558 3084 etiam'nuno
578 3023 719 3096 dicuntur,
741 3025 790 3097 qui
810 3024 841 3083 id
861 3023 990 3083 meruede
1002 3014 1125 3084 iaoinnt'.
1154 3017 1237 3095 Quod
1252 3038 1335 3103 voua-

268 3120 363 3180 bulum
381 3139 445 3182 oum
463 3123 499 3181 ab
512 3124 568 3184 alio
583 3126 723 3198 scriptore
733 3124 810 3200 nullo
821 3130 989 3196 usurpatum
1012 3125 1140 3198 legerim,
1163 3137 1219 3181 non
1236 3121 1335 3181 dubito

269 3223 336 3294 quin
350 3223 380 3280 in
395 3239 526 3283 sermone
540 3224 651 3298 plebeio
665 3224 725 3289 solo
745 3226 837 3284 loeum
860 3223 1018 3283 obtinuerit
1039 3239 1131 3296 neque
1153 3238 1285 3296 umquam
1306 3224 1335 3277 in

222 3321 395 3396 ,linguam
416 3323 574 3396 elegantius
596 3324 748 3384 boantium
769 3325 925 3387 transierit.
956 3323 1122 3381 Derivetum
1137 3327 1232 3382 autem
1253 3327 1336 3380 esta

268 3413 396 3480 velando
417 3423 503 3482 verbo
525 3423 736 3482 denominativo
757 3421 928 3482 substantivi
950 3415 1050 3480 rebem
1084 3419 1229 3494 (nebulum
1257 3420 1287 3502 b.
1309 3435 1334 3477 e.
1451 3421 1452 3428 ’

266 3521 304 3592 id,
327 3523 407 3580 ouius
430 3538 484 3594 ope
506 3522 612 3596 aliquid
633 3522 768 3596 vebitm).
785 3522 905 3580 Videtur
926 3521 1015 3594 igitur
1035 3520 1176 3582 vocabulo
1194 3512 1335 3576 solutura

269 3613 306 3678 Θ.
332 3612 433 3678 Curtii
455 3619 502 3695 (G.
523 3621 558 3678 E.
581 3639 609 3695 p.
624 3621 693 3697 181)
715 3624 848 3683 iudicium
869 3621 988 3693 firmari,
1002 3623 1050 3696 qui
1062 3627 1158 3681 oenset
1180 3637 1215 3678 ex
1237 3617 1334 3678 radios
1451 3641 1452 3649 ¹

266 3714 334 3778 oeb-
356 3718 477 3794 (sanson
498 3719 581 3794 vob,
617 3739 716 3797 praee.
746 3718 812 3797 ὲχ-)
849 3738 906 3781 non
928 3723 1018 3782 solum
1038 3721 1127 3781 verba
1149 3711 1330 3786 oebioulrrm,
1451 3723 1452 3796 j

266 3813 369 3894 reboo,
403 3828 529 3880 oratura
561 3829 626 3883 orta
657 3840 718 3882 esse
754 3821 805 3881 sed
834 3823 922 3880 etiam
954 3815 1071 3892 uelum,
1103 3820 1181 3880 ouius
1211 3816 1335 3890 genuina
1451 3801 1452 3834 ¹

266 3919 358 3982 forma
379 3920 467 3981 inerit
481 3915 615 3980 reb-lum
632 3924 677 3981 vel
691 3915 833 4002 vop-lum.
868 3921 969 3994 Itaque
982 3919 1160 3980 substantivo
1193 3908 1335 3974 velatura

266 4022 477 4095 comprobatur,
499 4024 661 4096 primitivae
682 4022 806 4081 notionis
826 4014 869 4098 (b.
892 4036 920 4080 o.
951 4017 1082 4090 vehendi)
1119 4017 1238 4092 vestigia
1259 4017 1335 4076 voois
1451 4059 1452 4062 ,

269 4114 368 4186 velum
388 4123 418 4180 in
440 4121 526 4181 verbo
548 4122 759 4182 denominativo
780 4111 905 4180 velandi
924 4125 985 4178 tum
1008 4120 1095 4179 eliam
1116 4118 1249 4192 viguisse,
1271 4133 1335 4176 oum

266 4220 474 4288 substantivum
495 4215 637 4280 velatura
659 4221 696 4282 ab
719 4239 752 4282 eo
775 4223 913 4296 originem
931 4218 1071 4296 duxerit.
1106 4217 1250 4292 Quantum
1282 4231 1335 4277 nos
