2938 4832
587 255 734 345 -13,

95 458 206 531 babeat,
242 463 322 518 certo
352 459 502 520 diiudicari
538 459 584 518 vix
617 461 718 534 possit.
768 459 801 518 Id
836 462 950 519 tamen.
968 473 1070 540 moneo
1110 449 1230 516 Ocreae·

96 559 225 618 ascend
247 559 502 620 demonstrandum
524 557 657 620 suffixum
678 566 823 620 -oaeotuoc
845 567 905 619 tum
937 557 1050 619 demum
1073 575 1108 616 ex
1129 555 1231 617 suffixo

96 677 178 718 -444444
205 659 428 733 amplificatione
454 659 587 732 effectum
615 675 689 738 esse,
718 677 780 720 cum
811 660 902 718 latina
929 660 1028 733 lingua
1056 661 1074 718 'a
1101 657 1232 732 cognatis

95 763 224 820 seiuncta
257 766 340 831 esset,
377 765 457 820 recte
487 761 591 820 dooere
627 762 657 820 in
690 761 726 819 iis
759 758 865 832 verbis,
903 775 1021 833 quorum
1058 758 1168 818 formae
1202 762 1232 814 et

97 863 125 920 in
137 863 457 921 -440440114-44041444
475 861 666 933 inveniantur,
676 862 768 920 altero
777 866 858 921 tanto
866 861 1004 918 maiorem
1016 865 1116 918 extare
1132 873 1231 917 nume·

97 980 158 1021 rum
170 977 279 1032 eorum,
289 963 319 1020 in
330 962 432 1035 quibus
443 960 536 1021 forma
547 963 577 1019 in
590 978 669 1020 ·men
682 959 816 1020 desinens
827 966 922 1020 aetate
933 959 1054 1020 alteram
1062 959 1231 1020 antecedere

94 1063 233 1122 videatur.
257 1061 349 1134 Quam
371 1062 505 1121 Gorsseni
528 1061 691 1135 opinionem
713 1053 868 1134 Paucker,
892 1062 939 1134 qni
959 1061 1078 1120 eandem
1110 1076 1170 1118 rem
1201 1062 1230 1118 in

97 1163 193 1222 libello
216 1165 264 1236 qui
284 1161 469 1221 inscribitur:
502 1162 547 1220 De
568 1162 712 1220 latinitate
733 1162 904 1235 scriptorum
925 1161 1065 1220 historiae
1084 1162 1231 1235 Augustae

84 1282 123 1336 p.
147 1259 302 1322 12*-14*
322 1264 502 1334 retractavit,
518 1261 702 1322 collectaneis
718 1263 861 1321 accuratis
875 1263 959 1322 uinus
972 1263 1015 1322 ita
1028 1262 1184 1337 restringit,
1199 1267 1230 1318 nt

99 1363 198 1422 doceat
219 1363 380 1437 posteriorc
401 1362 517 1436 linguae
537 1361 644 1421 latinae
666 1365 762 1420 aetate
783 1376 841 1419 non
863 1361 956 1419 solum
971 1358 1077 1420 formas
1089 1362 1119 1418 in
1135 1376 1231 1418 44404-

96 1469 158 1518 tem
179 1461 237 1532 sed,
272 1463 348 1535 quod
369 1463 417 1522 ille
438 1481 462 1520 v.
485 1463 512 1522 d.
542 1460 699 1536 negaverit,
729 1461 818 1520 etiam
846 1460 979 1518 1444404
1009 1467 1145 1521 exeuntes
1172 1463 1231 1520 lar-

93 1564 204 1637 gissime
226 1567 305 1622 ortas
328 1579 399 1636 esse.
422 1564 538 1638 Integre
559 1563 647 1638 igitur
668 1568 697 1622 et
718 1561 873 1635 tranquille
894 1560 1031 1620 iudicanti
1053 1562 1082 1621 id
1098 1565 1231 1620 constare

93 1660 233 1722 videbitur
248 1663 349 1724 harum
365 1662 524 1723 formarum
538 1662 686 1723 breviores
701 1680 766 1723 cnm
784 1666 813 1721 in
837 1659 932 1735 plebei
954 1677 1086 1721 sermone
1099 1658 1231 1720 omnibus

91 1761 267 1836 temporibus
276 1764 400 1823 usitatae
411 1763 754 1839 essent,aseriptoribus,
764 1765 812 1836 qui
820 1765 996 1839 elegantiore
1005 1769 1034 1822 et
1042 1762 1230 1837 puriorestilo

38 1859 40 1866 '
94 1869 256 1935 uterentur,
278 1864 374 1937 aliqua
395 1880 431 1922 ex
451 1869 535 1935 parte
556 1864 727 1923 constrictas
748 1865 793 1923 vel
813 1881 964 1938 oppressas
986 1880 1049 1924 esse
1075 1880 1228 1936 earumque

90 1968 121 2024 in
155 1968 248 2027 locum
269 1968 414 2054 longiores
441 1969 472 2026 in
492 1976 637 2026 -meatum
667 1971 844 2041 successisse,
867 1969 965 2028 infima
991 1975 1086 2028 autem
1115 1969 1230 2042 linguae

91 2070 200 2128 latinae
219 2073 315 2128 aetate
337 2068 431 2129 denuo
454 2067 585 2130 suffixum
601 2086 684 2128 -ocea
704 2071 812 2144 largius
840 2071 868 2130 in
897 2071 1060 2129 litterarum
1081 2086 1161 2128 usum
1184 2071 1229 2127 in·

92 2167 209 2228 fluxisse
231 2174 261 2228 et
280 2184 338 2229 una
359 2186 424 2229 cum
444 2176 592 2254 orientum
609 2172 639 2229 in
653 2171 766 2245 linguas
781 2169 954 2229 Romanicas
967 2171 1115 2229 transiisse
1135 2165 1231 2238 (Dice

91 2268 217 2328 Gramm.
240 2269 278 2338 11,
302 2271 378 2343 332;
402 2272 483 2345 382).
506 2271 600 2330 Varro
627 2271 742 2344 quidem
771 2273 816 2329 sni
844 2273 982 2344 temporis
1007 2288 1089 2329 usum
1118 2277 1231 2331 secutus

90 2371 121 2426 in
143 2369 177 2428 iis
197 2369 300 2442 uerbis,
323 2387 447 2443 quorum
469 2378 591 2444 utraque
611 2371 729 2431 extabat
744 2371 844 2443 forma,
869 2372 1025 2447 longiorem
1045 2373 1074 2430 et
1088 2379 1157 2432 tnnc
1172 2375 1229 2432 usi·

19 2513 20 2516 4
91 2469 226 2530 latiorem
236 2469 383 2542 praeferre
394 2473 475 2543 solet,
488 2472 565 2531 velut
576 2463 826 2545 fundamentum,
835 2466 1061 2546 decrementum,
1069 2490 1230 2532 ornamen-

89 2578 162 2644 tum,
176 2563 400 2651 pedamentum,
412 2566 639 2644 401044440441404,
648 2579 847 2650 sarmentum,
858 2580 1069 2649 stramentum,
1079 2567 1230 2632 velamen·

88 2679 162 2728 tem.
175 2672 285 2732 Contra
295 2690 456 2747 perpaucae
466 2674 496 2732 in
508 2689 589 2730 -oceo
604 2672 791 2733 formationes
802 2675 877 2746 apud
889 2675 1048 2733 Varronem
1058 2679 1169 2746 extant,
1179 2692 1231 2748 pro

94 2773 196 2845 quibus
218 2773 255 2832 ab
276 2775 338 2834 aliis
359 2774 546 2849 scriptoribus
568 2775 655 2833 etiam
677 2771 787 2831 formae
815 2774 844 2831 in
867 2781 1014 2832 -menlnor
1043 2775 1231 2836 adhibentur:

86 2867 298 2930 suberrantes:
332 2876 366 2934 4.
389 2877 424 2933 n.
437 2877 490 2961 111,
513 2879 541 2946 o,
560 2878 594 2947 53
618 2876 646 2941 4,
662 2877 696 2948 s;
724 2877 772 2943 40,
795 2875 813 2929 4
836 2873 876 2947 (o
896 2852 1002 2948 id.'ap.
1025 2876 1074 2935 sn.
1094 2879 1140 2947 12,
1157 2873 1233 2946 444)

158 2953 443 3050 11040414444041044
467 2974 539 3034 Cato
566 2973 634 3047 161,
659 2977 685 3032 2.

96 3069 198 3130 vimen
221 3073 256 3132 R.
279 3075 314 3133 R.
340 3074 392 3146 Ill,
416 3078 443 3146 9,
466 3079 503 3147 63
519 3077 531 3149 ΙΙ
547 3062 716 3137 'vimentum'
739 3077 807 3136 Tae.
829 3094 899 3135 444.
924 3079 971 3147 12,
998 3080 1044 3150 16,
1066 3080 1095 3134 2.

95 3171 300 3256 *aequantem
324 3175 417 3236 Varro
442 3178 557 3248 Quaest.
581 3178 675 3238 Plaut.
701 3178 730 3236 ΙΙ
751 3195 796 3252 ap.
820 3179 894 3237 Non.
920 3181 949 3254 9,
974 3163 1233 3256 l2ll‘aequamen·

157 3267 226 3334 tum’
249 3277 327 3349 apud
348 3279 441 3350 ipsum
465 3278 588 3338 Nonium
611 3281 638 3351 3,
662 3282 701 3356 27
723 3281 752 3338 in
783 3280 935 3337 lemmate:
958 3267 1177 3338 'Hostimentnm
1192 3286 1235 3338 est

157 3370 395 3451 aequamentum'.
418 3381 464 3438 Ex
485 3380 530 3446 iis,
551 3394 670 3454 quorum
692 3398 750 3440 una
771 3379 866 3440 1044444
887 3382 949 3439 sola
970 3386 1058 3452 extat,
1081 3397 1232 3440 enumero:

92 3485 301 3536 crementum:
339 3485 393 3540 sat.
422 3479 458 3537 fr.
495 3484 553 3539 199
585 3483 634 3550 (R.
672 3484 741 3555 145,
776 3484 806 3551 3)
838 3473 880 3538 ‘ut
911 3486 1057 3539 cremento
1083 3477 1241 3560 corporali.

156 3579 260 3640 fierent
274 3581 385 3638 maiora
395 3572 503 3653 parvo',
519 3582 594 3654 quod
609 3582 685 3640 idem
700 3587 779 3640 extat
794 3581 871 3654 apud
882 3581 950 3639 Isid.
963 3576 1005 3638 o'r.
1023 3583 1052 3651 9,
1066 3584 1093 3654 5,
1104 3584 1140 3653 53
1155 3583 1233 3656 apud

156 3679 229 3773 Plio.
243 3680 280 3737 H.
289 3679 326 3738 N.
347 3685 380 3738 11
391 3675 461 3758 (55)
474 3684 530 3740 149
539 3680 689 3740 Detleisen
701 3699 763 3739 cum
780 3682 842 3740 cod.
852 3675 893 3738 it²
907 3681 1022 3752 scripsit
1032 3673 1233 3741 incrementa.

94 3775 338 3856 *eqnimcntuw
365 3787 420 3840 sat.
452 3781 487 3839 fr.
522 3784 581 3841 502
615 3784 665 3854 (R.
697 3785 767 3855 218,
798 3782 830 3856 7)
864 3775 1007 3856 ‘qnantum
1044 3772 1235 3857 poposcissem

158 3874 494 3955 (10(110404004144404191
517 3884 544 3940 b.
568 3900 593 3942 e.
622 3886 769 3957 pecuniae,
798 3899 873 3956 quse
904 3901 956 3957 pro
983 3885 1049 3956 equi
1077 3885 1235 3944 admissura

156 3980 249 4040 datur.
270 3981 437 4042 Derivatum
458 3988 554 4042 autem
575 3990 619 4042 est
640 3985 668 4043 b.
690 4003 715 4045 4,
738 4003 756 4045 4
778 3983 866 4043 404140
881 3985 1022 4056 eqniendi.

97 4075 359 4141 *laecameotumz
382 4085 477 4143 Varro
499 4085 615 4158 Quaest.
636 4086 731 4146 Pleut.
754 4086 783 4143 II
804 4102 851 4157 ap.
873 4084 948 4143 blon.
972 4087 999 4157 9,
1035 4088 1072 4145 18
1100 4072 1236 4146 ‘Amussis

160 4190 204 4240 est
226 4197 394 4256 aequamen,
419 4185 637 4257 laevamentum,
660 4185 690 4244 id
706 4193 750 4244 est
764 4185 840 4259 apud
855 4183 953 4245 fabros
973 4185 1072 4246 tabula
1085 4189 1233 4262 quaedam,

157 4299 213 4358 qua
235 4289 356 4343 utuntur
376 4287 414 4346 ad
434 4303 505 4346 saxa
526 4279 744 4361 coagmentata.
1051 4374 1069 4429 3
