2938 4832
669 240 705 296 73

174 429 282 512 puram'
311 455 365 512 pro
395 438 470 511 vulg.
502 428 691 512 ‘purpuream’
725 438 887 497 emendavit
908 431 1102 510 Pontedera,
1125 437 1160 496 cf.
1187 435 1277 510 quae

178 529 349 596 Schneider
369 538 406 596 ad
428 537 456 597 h.
474 537 495 596 l.
525 538 689 598 adnotavit:
712 529 877 618 ‘Vulgatum
894 555 1092 617 purpuream
1114 555 1150 595 ex
1172 537 1260 596 (leln-

176 637 271 702 mella,
286 638 335 709 qui
349 627 498 692 muudum
512 629 619 694 lunam
630 636 720 695 imbui
730 637 820 716 iubet,
833 638 981 696 emendari
994 639 1080 698 iussit
1087 637 1260 696 Pontedera.

177 735 356 795 crescentius
385 737 470 794 etiam
498 753 533 794 ex
562 735 590 792 Ιι.
613 737 633 794 1.
660 735 751 795 refert
779 737 867 796 haec:
1009 737 1038 794 in
1067 753 1124 809 qua
1153 736 1263 795 addunt

175 829 283 894 lanam
299 826 438 914 purcm’.

110 929 359 1014 perimbecillue:
387 935 423 993 R.
446 933 481 991 R.
504 935 556 1010 ΠΙ,
575 938 623 1007 10,
641 935 658 991 5
681 940 711 994 et
732 953 777 1009 ap.
803 935 939 1014 611111.
966 938 1078 1007 10,18,
1098 939 1111 992 1
1136 940 1165 994 et
1181 935 1260 1009 Sulp.

178 1035 275 1094 Sever.
297 1035 398 1093 chron.
420 1032 459 1100 Il,
479 1035 526 1102 17,
546 1034 563 1090 3
587 1034 631 1092 ed.
646 1033 742 1092 Halm.
766 1035 901 1094 Ceterum
923 1052 1026 1094 moneo
1041 1035 1211 1094 Ciceronem
1232 1036 1263 1090 in

177 1136 308 1208 epistulis
325 1132 477 1192 verborum
492 1150 551 1211 per
567 1135 711 1208 particula
724 1138 947 1208 compositorum
966 1152 1102 1208 magnum
1114 1151 1263 1193 numerum

176 1235 303 1301 linxisse,
325 1237 572 1305 quae,enumerat
594 1226 721 1290 Stiuaer
743 1235 803 1306 (De
826 1251 869 1307 eo,
899 1251 955 1308 quo
970 1235 1072 1294 Cicero
1087 1237 1116 1294 in
1133 1235 1263 1307 epistulis

178 1352 244 1394 usus
267 1338 311 1392 est
332 1349 465 1392 sermone
486 1350 515 1407 p.
542 1330 602 1407 13).

107 1449 328 1514 percresoere:
352 1431 388 1491 R.
404 1429 478 1504 R.'I,
497 1435 545 1505 49,
566 1436 579 1489 1
604 1435 633 1490 et
655 1449 701 1505 ap.
725 1431 786 1492 Col.
806 1437 852 1506 11,
869 1435 897 1500 3,
913 1435 967 1507 583
992 1434 1028 1491 ci.
1049 1433 1109 1492 Col.
1133 1436 1162 1505 4,
1179 1435 1227 1506 24,
1244 1432 1262 1490 5

174 1524 323 1608 ‘peraruit'
347 1542 377 1592 et
399 1535 446 1604 12,
474 1533 520 1605 15,
544 1535 562 1589 4
584 1515 792 1605 ‘perarderint'.

111 1649 318 1713 pcrpcsocrc:
341 1633 417 1707 quod
439 1634 547 1707 legitur
562 1631 596 1691 L.
612 1635 646 1692 L.
663 1633 697 1700 V,
715 1635 752 1692 95
780 1627 874 1707 ‘pecus
895 1633 931 1692 ab
954 1651 988 1693 eo
1011 1633 1089 1705 quod
1110 1647 1264 1704 perpasoe-

177 1725 253 1792 bant'
276 1733 400 1794 fortasse
431 1732 570 1792 suadente
592 1725 755 1812 Speupclio
785 1731 897 1803 (Ueber
919 1734 965 1792 die
987 1733 1085 1793 Kritik
1106 1733 1158 1792 der
1179 1733 1264 1790 Varr.

176 1833 308 1892 Buecher
331 1833 366 1892 de
387 1833 457 1907 llug.
480 1832 533 1890 lat.
556 1849 585 1905 p.
608 1833 647 1887 23
664 1833 722 1903 sq.)
745 1832 954 1891 emendandum
967 1840 1015 1891 est
1036 1834 1066 1890 in
1082 1815 1265 1903 'pascebant',

180 1949 265 2006 qnam
290 1931 413 1990 sormam
435 1949 467 1990 re
480 1947 550 1988 vera
565 1931 719 1990 nonnullos
734 1929 847 1989 codices
864 1928 954 2004 (velut
965 1933 1128 1990 Gothanum
1139 1930 1266 1989 codicem
1301 1977 1305 1984 .
1328 1947 1329 1950 ¹

178 2033 271 2092 bonae
292 2027 393 2108 notae)
413 2029 551 2090 exhibere
574 2030 651 2102 idem
674 2031 718 2090 vir
741 2030 841 2091 doctus
864 2030 949 2089 docet
970 2049 998 2103 p.
1023 2034 1072 2088 24.

117 2133 309 2212 *parcerem
333 2132 369 2190 R.
391 2133 425 2191 R.
449 2131 472 2202 l,
489 2133 572 2197 41,5
596 2123 754 2190 ‘resticulas
773 2146 827 2204 per
848 2127 919 2190 ficos
943 2171 998 2188 ...
1021 2121 1196 2203 perserunt’.

117 2231 353 2312 *periuunperct
387 2226 459 2290 ‘eam
491 2229 624 2303 (pellem)
653 2231 828 2290 intrinsecus
861 2232 959 2290 eadem
991 2248 1024 2289 re
1052 2223 1265 2306 perinungunt’,

181 2332 258 2406 quod
272 2330 389 2390 verbum
406 2331 627 2404 bicompoeitum
651 2322 805 2388 Victorius
819 2331 950 2390 restituit
971 2347 1008 2390 ex
1028 2330 1110 2390 libris
1133 2333 1191 2391 suis
1213 2347 1267 2403 pro

178 2433 296 2506 vulgata
315 2431 441 2490 lectione
463 2421 655 2507 perungunt,
678 2431 754 2503 quod
770 2430 864 2490 Varro
887 2436 916 2490 et
937 2433 1036 2505 paullo
1058 2437 1127 2490 ante
1148 2430 1267 2490 adhibet

180 2538 210 2589 et
232 2531 268 2590 R.
290 2531 327 2590 R.
349 2533 432 2604 ll,9,
451 2533 498 2587 14.
543 2522 678 2590 (letarum
708 2547 773 2590 cum
794 2534 873 2590 totus
895 2531 984 2604 locus,
1013 2532 1050 2590 de
1073 2548 1128 2604 quo
1159 2531 1266 2604 agitur,

183 2633 230 2718 vix
266 2648 351 2692 sanus
387 2633 426 2690 sit
460 2633 490 2690 in
525 2630 618 2708 libris,
642 2623 751 2690 'nescio
787 2647 825 2690 an
857 2622 1069 2718 ‘perIpungunt'
1106 2632 1193 2690 lectio
1230 2648 1266 2690 ex

205 2720 229 2748 m

181 2757 372 2843 ‘perrumpunt'
409 2765 559 2837 archetypi
594 2765 739 2837 scriptura
774 2764 817 2822 ita
852 2766 918 2823 orta
946 2766 993 2833 sit,
1034 2769 1067 2821 ut
1098 2780 1161 2822 cum
1192 2763 1264 2822 falso

182 2855 362 2937 ‘perungunt’
392 2863 559 2921 amanuensi
588 2862 751 2930 excidisset,
782 2879 799 2920 a
828 2851 996 2921 correctore
1028 2861 1061 2920 ιἰι
1091 2881 1178 2937 supra
1206 2881 1267 2942 per

181 2963 346 3023 adderetur.
377 2961 460 3034 Quod
476 2962 523 3020 oui
537 2965 615 3020 recte
635 2963 795 3020 coniectum
811 2977 873 3020 esse
886 2961 1041 3034 videbitur,
1057 2964 1114 3021 isa
1132 2965 1263 3022 Varrone

181 3067 244 3138 ipso
267 3049 422 3137 inungunt’
445 3063 585 3135 scriptum
607 3077 668 3120 esse
692 3060 865 3134 opinabitur

114 3158 350 3258 praeverbipm:
374 3163 407 3220 L.
431 3160 465 3219 L.
489 3159 538 3231 Vl,
556 3161 612 3231 383
636 3162 706 3218 82
698 3163 758 3220 1.'.e
780 3161 928 3234 praeposit
929 3162 967 3236 io,
992 3179 1065 3234 quae
1087 3181 1151 3222 cum
1171 3165 1212 3221 alt
1201 3169 1264 3223 tero

179 3264 268 3324 verbo
296 3262 487 3338 componitur.
531 3248 595 3320 Hoc
625 3262 795 3320 vocabulum
829 3278 847 3320 a
881 3262 1016 3321 Varrone
1047 3264 1113 3337 ipso
1141 3262 1200 3322 fort
1190 3269 1265 3322 tasse

179 3363 278 3424 fictum
299 3365 422 3424 eandem
444 3363 592 3422 notionem
615 3363 834 3437 grammaticam
856 3378 928 3434 prae
951 3378 981 3419 se
1004 3361 1220 3436 fert-ap1Ge11.
1238 3365 1265 3434 6,

182 3469 209 3536 7,
226 3466 261 3534 5;
285 3463 395 3524 Charis.
422 3464 599 3531 194,15Κ.
623 3462 659 3520 oi.
681 3455 800 3519 Lersclu
822 3462 1040 3535 spraebphiios.
1063 3462 1102 3530 ΙΙ,
1122 3467 1188 3520 152.

114 3582 302 3646 pronomen:
325 3564 360 3622 L.
382 3565 417 3622 L.
440 3563 518 3633 VIII,
537 3565 577 3620 45
601 3562 630 3624 h.
646 3580 671 3621 e.
692 3578 776 3634 pron.
800 3561 1066 3633 demonstrativum,
1090 3563 1166 3635 quod
1189 3563 1265 3622 idem

179 3683 225 3739 ap.
252 3663 350 3736 Quint.
374 3664 544 3741 adquotiens
566 3665 700 3722 occurrit.

112 3759 375 3845 provocatoriam:
397 3764 515 3835 ibidem,
537 3764 557 3821 i.
574 3778 597 3822 e.
620 3779 781 3836 pronomen
803 3764 1055 3836 interrogativum.
1088 3759 1125 3820 ei.
1150 3756 1266 3819 Leo-sci

180 3865 396 3938 Spracbphiloa
419 3863 458 3935 ΙΙ,
476 3863 544 3920 151.

116 3958 317 4043 *prolubium
348 3967 441 4024 Varro
463 3981 510 4039 ap.
532 3963 609 4023 Non.
631 3980 660 4035 p.
684 3965 724 4021 64
747 3954 875 4038 (Ψιᾝιιιι
898 3967 968 4036 p.
955 3963 1022 4035 1,50
1041 3963 1073 4034 7)
1095 3954 1267 4036 prolubium

178 4062 438 4139 etprolubidinem
461 4063 518 4124 dici
542 4063 580 4122 ab
596 4079 638 4134 eo,
662 4062 739 4136 quod
758 4053 873 4120 lubeat'.
907 4061 1088 4121 Vocabulum
1102 4038 1268 4136 ‘prolubido
